Details,Posting Date,Description,Amount,Type,Balance,Check or Slip #
DEBIT,07/10/2026,"POS DEBIT                HIGHLEVEL INC.            +18887324197 TX                                                                                                                                                                                                                                                                        2474",-100.00,MISC_DEBIT, ,,
DEBIT,07/10/2026,"POS DEBIT                TWILIO INC                +18778894546 CA                                                                                                                                                                                                                                                                        5442",-90.01,MISC_DEBIT, ,,
DEBIT,07/10/2026,"ORIG CO NAME:Wise Inc         CO ENTRY DESCR:WISE       SEC:CCD IND ID:TrnWise         ORIG ID:9453233521",-100.00,MISC_DEBIT, ,,
DEBIT,07/10/2026,"ORIG CO NAME:Wise Inc         CO ENTRY DESCR:WISE       SEC:CCD IND ID:TrnWise         ORIG ID:9453233521",-4507.65,MISC_DEBIT, ,,
DEBIT,07/09/2026,"ORIG CO NAME:Wise Inc               ORIG ID:9453233521 DESC DATE:260709 CO ENTRY DESCR:WISE      SEC:CCD    TRACE#:021000027705572 EED:260709   IND ID:TrnWise                      IND NAME:Waiz Media                 99957654                                                                          99957654 TRN: 1907705572TC",-100.00,MISC_DEBIT,26497.86,,
DEBIT,07/09/2026,"HIGHLEVEL INC. GOHIGHLEVEL.C TX              07/08",-100.00,DEBIT_CARD,26597.86,,
DEBIT,07/08/2026,"Online Realtime Transfer to Gabes Personal  6302 transaction#: 29934013740 reference#: 9934013740RX 07/08",-1000.00,ACCT_XFER,26697.86,,
DEBIT,07/08/2026,"ANTHROPIC ANTHROPIC.COM CA                   07/07",-45.00,DEBIT_CARD,27697.86,,
DEBIT,07/08/2026,"CLOSEBOT WWW.CLOSEBOT. WA                    07/07",-40.22,DEBIT_CARD,27742.86,,
CREDIT,07/08/2026,"ORIG CO NAME:STRIPE                 ORIG ID:4270465600 DESC DATE:       CO ENTRY DESCR:TRANSFER  SEC:CCD    TRACE#:111000029685764 EED:260708   IND ID:ST-U7F9W7B6T8M9              IND NAME:GABRIEL GOERTZEN TRN: 1899685764TC",970.70,ACH_CREDIT,27783.08,,
DEBIT,07/07/2026,"ORIG CO NAME:Wise Inc               ORIG ID:9453233521 DESC DATE:260707 CO ENTRY DESCR:WISE      SEC:CCD    TRACE#:021000028944534 EED:260707   IND ID:TrnWise                      IND NAME:Waiz Media                 99812462                                                                          99812462 TRN: 1888944534TC",-100.00,MISC_DEBIT,26812.38,,
DEBIT,07/07/2026,"ORIG CO NAME:Wise Inc               ORIG ID:9453233521 DESC DATE:260707 CO ENTRY DESCR:WISE      SEC:CCD    TRACE#:021000028654094 EED:260707   IND ID:TrnWise                      IND NAME:Waiz Media                 99789721                                                                          99789721 TRN: 1888654094TC",-980.81,MISC_DEBIT,26912.38,,
DEBIT,07/07/2026,"Online Realtime Transfer to Gabes Personal  6302 transaction#: 29916473637 reference#: 9916473637RX 07/07",-2000.00,ACCT_XFER,27893.19,,
DEBIT,07/07/2026,"HIGHLEVEL INC. GOHIGHLEVEL.C TX              07/07",-100.00,DEBIT_CARD,29893.19,,
DEBIT,07/07/2026,"SLACK T07E9KEFKEH SLACK.COM CA               07/07",-61.25,DEBIT_CARD,29993.19,,
DEBIT,07/07/2026,"M&M HELTON ENTERPRIS HOTPROSPECTOR NV        07/07",-372.75,DEBIT_CARD,30054.44,,
DEBIT,07/07/2026,"IDEOGRAM AI TORONTO ON                       07/06",-20.00,DEBIT_CARD,30427.19,,
CREDIT,07/07/2026,"ORIG CO NAME:STRIPE                 ORIG ID:4270465600 DESC DATE:       CO ENTRY DESCR:TRANSFER  SEC:CCD    TRACE#:111000022574857 EED:260707   IND ID:ST-K5Z8E2M9Y4S4              IND NAME:GABRIEL GOERTZEN TRN: 1882574857TC",2912.70,ACH_CREDIT,30447.19,,
CREDIT,07/07/2026,"REAL TIME TRANSFER RECD FROM ABA/CONTR BNK-021000021  FROM: Waiz Media/Waiz Media Via WISE REF: 1976762208-223116425 INFO: TEXT-RmtInf-2231164259Refund IID: 20260707021000021P1BRJPC02870010368 RECD: 12:47:19 TRN: 1200302188GC BREF: ce6534ab-0b60-4171-bbb6-68c3bab09ee",250.00,MISC_CREDIT,27534.49,,
DEBIT,07/06/2026,"ORIG CO NAME:Wise Inc               ORIG ID:9453233521 DESC DATE:260706 CO ENTRY DESCR:WISE      SEC:CCD    TRACE#:021000025247393 EED:260706   IND ID:TrnWise                      IND NAME:Waiz Media                 99734078                                                                          99734078 TRN: 1875247393TC",-100.00,MISC_DEBIT,27284.49,,
DEBIT,07/06/2026,"ORIG CO NAME:fathom.video           ORIG ID:1800948598 DESC DATE:       CO ENTRY DESCR:FATHOM.VIDSEC:WEB    TRACE#:091000015054795 EED:260706   IND ID:ST-G9D6E0C6Z5Z1              IND NAME:WAIZ MEDIA LLC TRN: 1875054795TC",-20.00,MISC_DEBIT,27384.49,,
DEBIT,07/06/2026,"ORIG CO NAME:Wise Inc               ORIG ID:9453233521 DESC DATE:260706 CO ENTRY DESCR:WISE      SEC:CCD    TRACE#:021000021236879 EED:260706   IND ID:TrnWise                      IND NAME:Waiz Media                 99664125                                                                          99664125 TRN: 1871236879TC",-100.00,MISC_DEBIT,27404.49,,
DEBIT,07/06/2026,"ORIG CO NAME:Wise Inc               ORIG ID:9453233521 DESC DATE:260706 CO ENTRY DESCR:WISE      SEC:CCD    TRACE#:021000021244061 EED:260706   IND ID:TrnWise                      IND NAME:Waiz Media                 99619302                                                                          99619302 TRN: 1871244061TC",-250.00,MISC_DEBIT,27504.49,,
DEBIT,07/06/2026,"ORIG CO NAME:Wise Inc               ORIG ID:9453233521 DESC DATE:260706 CO ENTRY DESCR:WISE      SEC:CCD    TRACE#:021000021239345 EED:260706   IND ID:TrnWise                      IND NAME:Waiz Media                 99640751                                                                          99640751 TRN: 1871239345TC",-300.00,MISC_DEBIT,27754.49,,
DEBIT,07/06/2026,"PAYPAL *CANVA 416-131-8870 DE                07/05",-7.04,DEBIT_CARD,28054.49,,
DEBIT,07/06/2026,"TWILIO INC WWW.TWILIO.CO CA                  07/05",-91.79,DEBIT_CARD,28061.53,,
DEBIT,07/03/2026,"ORIG CO NAME:Wise Inc               ORIG ID:9453233521 DESC DATE:260703 CO ENTRY DESCR:WISE      SEC:CCD    TRACE#:021000025010785 EED:260703   IND ID:TrnWise                      IND NAME:Waiz Media                 99564780                                                                          99564780 TRN: 1845010785TC",-100.00,MISC_DEBIT,28153.32,,
DEBIT,07/03/2026,"HIGHLEVEL INC. GOHIGHLEVEL.C TX              07/03",-100.00,DEBIT_CARD,28253.32,,
CREDIT,07/03/2026,"ORIG CO NAME:STRIPE                 ORIG ID:4270465600 DESC DATE:       CO ENTRY DESCR:TRANSFER  SEC:CCD    TRACE#:111000020606688 EED:260703   IND ID:ST-R1K5I5L9H1J0              IND NAME:GABRIEL GOERTZEN TRN: 1840606688TC",970.70,ACH_CREDIT,28353.32,,
DEBIT,07/02/2026,"ANTHROPIC* CLAUDE SU ANTHROPIC.COM CA        07/01",-20.00,DEBIT_CARD,27382.62,,
DEBIT,07/02/2026,"CLOSEBOT WWW.CLOSEBOT. WA                    07/01",-40.29,DEBIT_CARD,27402.62,,
CREDIT,07/02/2026,"ORIG CO NAME:STRIPE                 ORIG ID:1800948598 DESC DATE:       CO ENTRY DESCR:TRANSFER  SEC:CCD    TRACE#:091000016431992 EED:260702   IND ID:ST-P0Y0P6M0Y6V9              IND NAME:GABRIEL GOERTZEN TRN: 1836431992TC",18646.18,ACH_CREDIT,27442.91,,
DEBIT,07/01/2026,"ORIG CO NAME:Wise Inc               ORIG ID:9453233521 DESC DATE:260701 CO ENTRY DESCR:WISE      SEC:CCD    TRACE#:021000025621609 EED:260701   IND ID:TrnWise                      IND NAME:Waiz Media                 99329557                                                                          99329557 TRN: 1825621609TC",-100.00,MISC_DEBIT,8796.73,,
DEBIT,07/01/2026,"ORIG CO NAME:HIGGSFIELD INC.        ORIG ID:1800948598 DESC DATE:       CO ENTRY DESCR:HIGGSFIELDSEC:WEB    TRACE#:091000014611376 EED:260701   IND ID:ST-L5B2B3I8E7N7              IND NAME:WAIZ MEDIA LLC TRN: 1824611376TC",-49.00,MISC_DEBIT,8896.73,,
DEBIT,07/01/2026,"Zelle payment to Simone 29437612890",-43.00,QUICKPAY_DEBIT,8945.73,,
DEBIT,07/01/2026,"TWILIO INC WWW.TWILIO.CO CA                  06/30",-90.03,DEBIT_CARD,8988.73,,
CREDIT,07/01/2026,"ORIG CO NAME:STRIPE                 ORIG ID:4270465600 DESC DATE:       CO ENTRY DESCR:TRANSFER  SEC:CCD    TRACE#:111000028074146 EED:260701   IND ID:ST-E7H9Y0T2V5Y3              IND NAME:GABRIEL GOERTZEN TRN: 1828074146TC",2427.20,ACH_CREDIT,9078.76,,
DEBIT,06/30/2026,"MONTHLY SERVICE FEE",-15.00,FEE_TRANSACTION,6651.56,,
DEBIT,06/30/2026,"Online Realtime Transfer to Gabes Personal  6302 transaction#: 29818526092 reference#: 9818526092RX 06/30",-1000.00,ACCT_XFER,6666.56,,
DEBIT,06/30/2026,"HIGHLEVEL INC. GOHIGHLEVEL.C TX              06/30",-100.00,DEBIT_CARD,7666.56,,
DEBIT,06/30/2026,"WWW.MAKE.COM WWW.MAKE.COM NY                 06/30",-64.71,DEBIT_CARD,7766.56,,
DEBIT,06/29/2026,"ORIG CO NAME:Wise Inc               ORIG ID:9453233521 DESC DATE:260629 CO ENTRY DESCR:WISE      SEC:CCD    TRACE#:021000023333619 EED:260629   IND ID:TrnWise                      IND NAME:Waiz Media                 99128854                                                                          99128854 TRN: 1803333619TC",-100.17,MISC_DEBIT,7831.27,,
DEBIT,06/29/2026,"ORIG CO NAME:Wise Inc               ORIG ID:9453233521 DESC DATE:260629 CO ENTRY DESCR:WISE      SEC:CCD    TRACE#:021000029263333 EED:260629   IND ID:TrnWise                      IND NAME:Waiz Media                 99035140                                                                          99035140 TRN: 1809263333TC",-100.00,MISC_DEBIT,7931.44,,
DEBIT,06/29/2026,"ORIG CO NAME:HIGGSFIELD INC.        ORIG ID:4270465600 DESC DATE:       CO ENTRY DESCR:HIGGSFIELDSEC:WEB    TRACE#:111000025995086 EED:260629   IND ID:ST-X0V9D8P5B0W3              IND NAME:WAIZ MEDIA LLC TRN: 1805995086TC",-26.00,MISC_DEBIT,8031.44,,
DEBIT,06/29/2026,"M&M HELTON ENTERPRIS HOTPROSPECTOR NV        06/29",-40.00,DEBIT_CARD,8057.44,,
DEBIT,06/29/2026,"ORIG CO NAME:AMERICAN EXPRESS       ORIG ID:9493560001 DESC DATE:260629 CO ENTRY DESCR:ACH PMT   SEC:CCD    TRACE#:021000023247646 EED:260629   IND ID:A0886                        IND NAME:GABRIEL GOERTZEN                                                                                             AM TRN: 1803247646TC",-2527.10,ACH_DEBIT,8097.44,,
DEBIT,06/29/2026,"CLOSEBOT WWW.CLOSEBOT. WA                    06/28",-40.17,DEBIT_CARD,10624.54,,
DEBIT,06/29/2026,"HIGHLEVEL INC. GOHIGHLEVEL.C TX              06/27",-100.00,DEBIT_CARD,10664.71,,
DEBIT,06/29/2026,"M&M HELTON ENTERPRIS HOTPROSPECTOR NV        06/26",-40.00,DEBIT_CARD,10764.71,,
CREDIT,06/29/2026,"ORIG CO NAME:STRIPE                 ORIG ID:1800948598 DESC DATE:       CO ENTRY DESCR:TRANSFER  SEC:CCD    TRACE#:091000015754388 EED:260629   IND ID:ST-L0F1H9J8Q7K2              IND NAME:GABRIEL GOERTZEN TRN: 1805754388TC",2912.70,ACH_CREDIT,10804.71,,
DEBIT,06/26/2026,"WWW.MAKE.COM WWW.MAKE.COM NY                 06/25",-9.11,DEBIT_CARD,7892.01,,
DEBIT,06/26/2026,"TWILIO INC WWW.TWILIO.CO CA                  06/25",-90.93,DEBIT_CARD,7901.12,,
CREDIT,06/26/2026,"ORIG CO NAME:STRIPE                 ORIG ID:4270465600 DESC DATE:       CO ENTRY DESCR:TRANSFER  SEC:CCD    TRACE#:111000029538503 EED:260626   IND ID:ST-S9U1J6A4T0F7              IND NAME:GABRIEL GOERTZEN TRN: 1779538503TC",5389.87,ACH_CREDIT,7992.05,,
DEBIT,06/25/2026,"CLOSEBOT WWW.CLOSEBOT. WA                    06/25",-72.30,DEBIT_CARD,2602.18,,
DEBIT,06/25/2026,"MAKEUGC.AI LONDON                            06/24",-49.00,DEBIT_CARD,2674.48,,
DEBIT,06/24/2026,"WWW.MAKE.COM WWW.MAKE.COM NY                 06/24",-10.13,DEBIT_CARD,2723.48,,
DEBIT,06/24/2026,"CLOSEBOT WWW.CLOSEBOT. WA                    06/24",-40.40,DEBIT_CARD,2733.61,,
DEBIT,06/24/2026,"HIGHLEVEL INC. GOHIGHLEVEL.C TX              06/23",-100.00,DEBIT_CARD,2774.01,,
DEBIT,06/24/2026,"CURSOR, AI POWERED IDE CURSOR.COM CA         06/23",-60.00,DEBIT_CARD,2874.01,,
DEBIT,06/24/2026,"ARCADS.AI MONT-SAINT-AI                      06/23",-77.00,DEBIT_CARD,2934.01,,
DEBIT,06/24/2026,"CURSOR, AI POWERED I SAN FRANCISCO CA        06/23",14.61,DEBIT_CARD,3011.01,,
DEBIT,06/23/2026,"ORIG CO NAME:Wise Inc               ORIG ID:9453233521 DESC DATE:260623 CO ENTRY DESCR:WISE      SEC:CCD    TRACE#:021000027256549 EED:260623   IND ID:TrnWise                      IND NAME:Waiz Media                 98715179                                                                          98715179 TRN: 1747256549TC",-200.34,MISC_DEBIT,2996.40,,
DEBIT,06/23/2026,"WWW.MAKE.COM WWW.MAKE.COM NY                 06/22",-10.13,DEBIT_CARD,3196.74,,
DEBIT,06/22/2026,"ORIG CO NAME:Wise Inc               ORIG ID:9453233521 DESC DATE:260622 CO ENTRY DESCR:WISE      SEC:CCD    TRACE#:021000028607793 EED:260622   IND ID:TrnWise                      IND NAME:Waiz Media                 98470380                                                                          98470380 TRN: 1738607793TC",-158.27,MISC_DEBIT,3206.87,,
DEBIT,06/22/2026,"ORIG CO NAME:STRIPE                 ORIG ID:1800948598 DESC DATE:       CO ENTRY DESCR:TRANSFER  SEC:CCD    TRACE#:091000019410734 EED:260622   IND ID:ST-A1L8Q0E5X2O8              IND NAME:GABRIEL GOERTZEN TRN: 1739410734TC",-200.00,ACH_DEBIT,3365.14,,
DEBIT,06/22/2026,"WWW.MAKE.COM WWW.MAKE.COM NY                 06/20",-10.13,DEBIT_CARD,3565.14,,
DEBIT,06/22/2026,"HIGHLEVEL INC. GOHIGHLEVEL.C TX              06/19",-100.00,DEBIT_CARD,3575.27,,
DEBIT,06/22/2026,"HIGHLEVEL AGENCY SUB GOHIGHLEVEL.C TX        06/18",-297.00,DEBIT_CARD,3675.27,,
DEBIT,06/22/2026,"WWW.MAKE.COM WWW.MAKE.COM NY                 06/18",-10.13,DEBIT_CARD,3972.27,,
DEBIT,06/22/2026,"TWILIO INC WWW.TWILIO.CO CA                  06/19",-91.17,DEBIT_CARD,3982.40,,
DEBIT,06/18/2026,"WISPR WISPRFLOW.AI CA                        06/17",-5.94,DEBIT_CARD,4073.57,,
DEBIT,06/17/2026,"HIGHLEVEL INC. GOHIGHLEVEL.C TX              06/17",-100.00,DEBIT_CARD,4079.51,,
DEBIT,06/17/2026,"WWW.MAKE.COM WWW.MAKE.COM NY                 06/17",-10.13,DEBIT_CARD,4179.51,,
DEBIT,06/17/2026,"CLOSEBOT WWW.CLOSEBOT. WA                    06/16",-197.00,DEBIT_CARD,4189.64,,
DEBIT,06/16/2026,"ORIG CO NAME:Wise Inc               ORIG ID:9453233521 DESC DATE:260616 CO ENTRY DESCR:WISE      SEC:CCD    TRACE#:021000027456199 EED:260616   IND ID:TrnWise                      IND NAME:Waiz Media                 98233082                                                                          98233082 TRN: 1677456199TC",-157.27,MISC_DEBIT,4386.64,,
DEBIT,06/16/2026,"Online Realtime Transfer to Gabes Personal  6302 transaction#: 29639601200 reference#: 9639601200RX 06/16",-1000.00,ACCT_XFER,4543.91,,
DEBIT,06/16/2026,"CURSOR, AI POWERED IDE CURSOR.COM CA         06/15",-20.00,DEBIT_CARD,5543.91,,
DEBIT,06/15/2026,"ONLINE DOMESTIC WIRE FEE",-25.00,FEE_TRANSACTION,5563.91,,
DEBIT,06/15/2026,"ORIG CO NAME:Wise Inc               ORIG ID:9453233521 DESC DATE:260615 CO ENTRY DESCR:WISE      SEC:CCD    TRACE#:021000021290999 EED:260615   IND ID:TrnWise                      IND NAME:Waiz Media                 98152629                                                                          98152629 TRN: 1661290999TC",-500.85,MISC_DEBIT,5588.91,,
DEBIT,06/15/2026,"HIGHLEVEL INC. GOHIGHLEVEL.C TX              06/15",-100.00,DEBIT_CARD,6089.76,,
DEBIT,06/15/2026,"WWW.MAKE.COM WWW.MAKE.COM NY                 06/15",-10.13,DEBIT_CARD,6189.76,,
DEBIT,06/15/2026,"ONLINE DOMESTIC WIRE TRANSFER VIA: COMMUNITY FSB/026073008 A/C: DANIELE URIAS BATEL PR 80250070 BR IMAD: 0615MMQFMP2L010691 TRN: 3339476166ES 06/15",-4000.00,WIRE_OUTGOING,6199.89,,
DEBIT,06/15/2026,"WWW.MAKE.COM WWW.MAKE.COM NY                 06/13",-10.13,DEBIT_CARD,10199.89,,
DEBIT,06/15/2026,"TWILIO INC WWW.TWILIO.CO CA                  06/14",-90.01,DEBIT_CARD,10210.02,,
DEBIT,06/12/2026,"HIGHLEVEL INC. GOHIGHLEVEL.C TX              06/12",-100.00,DEBIT_CARD,10300.03,,
DEBIT,06/12/2026,"CLOSEBOT WWW.CLOSEBOT. WA                    06/12",-40.32,DEBIT_CARD,10400.03,,
DEBIT,06/12/2026,"WWW.MAKE.COM WWW.MAKE.COM NY                 06/11",-10.13,DEBIT_CARD,10440.35,,
CREDIT,06/11/2026,"ORIG CO NAME:STRIPE                 ORIG ID:1800948598 DESC DATE:       CO ENTRY DESCR:TRANSFER  SEC:CCD    TRACE#:091000010190649 EED:260611   IND ID:ST-D7H7T4H6Q3L0              IND NAME:GABRIEL GOERTZEN TRN: 1620190649TC",3227.11,ACH_CREDIT,10450.48,,
DEBIT,06/10/2026,"TWILIO INC WWW.TWILIO.CO CA                  06/09",-90.04,DEBIT_CARD,7223.37,,
DEBIT,06/09/2026,"ORIG CO NAME:Wise Inc               ORIG ID:9453233521 DESC DATE:260609 CO ENTRY DESCR:WISE      SEC:CCD    TRACE#:021000020721409 EED:260609   IND ID:TrnWise                      IND NAME:Waiz Media                 97747707                                                                          97747707 TRN: 1600721409TC",-4006.80,MISC_DEBIT,7313.41,,
DEBIT,06/08/2026,"HIGHLEVEL INC. GOHIGHLEVEL.C TX              06/08",-100.00,DEBIT_CARD,11320.21,,
DEBIT,06/08/2026,"ORIG CO NAME:fathom.video           ORIG ID:1800948598 DESC DATE:       CO ENTRY DESCR:FATHOM.VIDSEC:WEB    TRACE#:091000014021194 EED:260608   IND ID:ST-Q3C2G7Y0O0Y4              IND NAME:WAIZ MEDIA LLC TRN: 1594021194TC",-20.00,MISC_DEBIT,11420.21,,
DEBIT,06/08/2026,"SLACK T07E9KEFKEH SLACK.COM CA               06/07",-61.25,DEBIT_CARD,11440.21,,
DEBIT,06/08/2026,"M&M HELTON ENTERPRIS HOTPROSPECTOR NV        06/07",-372.75,DEBIT_CARD,11501.46,,
DEBIT,06/08/2026,"CLOSEBOT WWW.CLOSEBOT. WA                    06/05",-40.08,DEBIT_CARD,11874.21,,
DEBIT,06/05/2026,"ORIG CO NAME:Wise Inc               ORIG ID:9453233521 DESC DATE:260605 CO ENTRY DESCR:WISE      SEC:CCD    TRACE#:021000020467825 EED:260605   IND ID:TrnWise                      IND NAME:Waiz Media                 97483840                                                                          97483840 TRN: 1560467825TC",-1502.55,MISC_DEBIT,11914.29,,
DEBIT,06/05/2026,"Online Realtime Transfer to Gabes Personal  6302 transaction#: 29512313095 reference#: 9512313095RX 06/05",-1000.00,ACCT_XFER,13416.84,,
DEBIT,06/05/2026,"PAYPAL *CANVA 416-131-8870 DE                06/05",-7.28,DEBIT_CARD,14416.84,,
DEBIT,06/05/2026,"PAYPAL *ETSYIRELAND 08446593879              06/03",-6.74,DEBIT_CARD,14424.12,,
CREDIT,06/05/2026,"ORIG CO NAME:STRIPE                 ORIG ID:1800948598 DESC DATE:       CO ENTRY DESCR:TRANSFER  SEC:CCD    TRACE#:091000013404411 EED:260605   IND ID:ST-K9H9Q6H7J8R9              IND NAME:GABRIEL GOERTZEN TRN: 1563404411TC",1639.72,ACH_CREDIT,14430.86,,
CREDIT,06/05/2026,"REAL TIME PAYMENT CREDIT RECD FROM ABA/CONTR BNK-121000248  FROM: GABRIEL GOERTZEN/STRIPE PAYMENTS COMPAN REF: ST-HKT9QM7OKDYZTKA8N INFO: TEXT-RmtInf-ST-HKT9QM7OKDYZTKA8NZTE WAIZMEDIA LLC IID: 20260605121000248P1BPEAO80463396920 RECD: 14:52:26 TRN: 1703003156GE",6748.87,MISC_CREDIT,12791.14,,
DEBIT,06/04/2026,"HIGHLEVEL INC. GOHIGHLEVEL.C TX              06/04",-100.00,DEBIT_CARD,6042.27,,
DEBIT,06/04/2026,"IDEOGRAM AI TORONTO ON                       06/03",-20.00,DEBIT_CARD,6142.27,,
DEBIT,06/04/2026,"TWILIO INC WWW.TWILIO.CO CA                  06/04",-90.03,DEBIT_CARD,6162.27,,
CREDIT,06/04/2026,"ORIG CO NAME:STRIPE                 ORIG ID:1800948598 DESC DATE:       CO ENTRY DESCR:TRANSFER  SEC:CCD    TRACE#:091000012451074 EED:260604   IND ID:ST-C3X1D3Y0I9J3              IND NAME:GABRIEL GOERTZEN TRN: 1552451074TC",1738.50,ACH_CREDIT,6252.30,,
DEBIT,06/03/2026,"ORIG CO NAME:Wise Inc               ORIG ID:9453233521 DESC DATE:260603 CO ENTRY DESCR:WISE      SEC:CCD    TRACE#:021000020718835 EED:260603   IND ID:TrnWise                      IND NAME:Waiz Media                 97310272                                                                          97310272 TRN: 1540718835TC",-500.00,MISC_DEBIT,4513.80,,
CREDIT,06/03/2026,"ORIG CO NAME:STRIPE                 ORIG ID:1800948598 DESC DATE:       CO ENTRY DESCR:TRANSFER  SEC:CCD    TRACE#:091000014070309 EED:260603   IND ID:ST-O8V3A2V7K7X9              IND NAME:GABRIEL GOERTZEN TRN: 1544070309TC",3648.64,ACH_CREDIT,5013.80,,
DEBIT,06/02/2026,"ANTHROPIC* CLAUDE SU ANTHROPIC.COM CA        06/01",-20.00,DEBIT_CARD,1365.16,,
DEBIT,06/01/2026,"ORIG CO NAME:Wise Inc               ORIG ID:9453233521 DESC DATE:260601 CO ENTRY DESCR:WISE      SEC:CCD    TRACE#:021000022255426 EED:260601   IND ID:TrnWise                      IND NAME:Waiz Media                 97014186                                                                          97014186 TRN: 1522255426TC",-301.82,MISC_DEBIT,1385.16,,
DEBIT,06/01/2026,"ORIG CO NAME:HIGGSFIELD INC.        ORIG ID:1800948598 DESC DATE:       CO ENTRY DESCR:HIGGSFIELDSEC:WEB    TRACE#:091000013978092 EED:260601   IND ID:ST-M4V3C8R0A3K7              IND NAME:WAIZ MEDIA LLC TRN: 1523978092TC",-49.00,MISC_DEBIT,1686.98,,
DEBIT,06/01/2026,"Zelle payment to Cindi Walters JPM99cj5t94i",-1003.00,CHASE_TO_PARTNERFI,1735.98,,
DEBIT,06/01/2026,"Zelle payment to Walters JPM99cj5roiy",-1003.00,CHASE_TO_PARTNERFI,2738.98,,
DEBIT,06/01/2026,"Zelle payment to Simone 29034215037",-43.00,QUICKPAY_DEBIT,3741.98,,
DEBIT,06/01/2026,"WWW.MAKE.COM WWW.MAKE.COM NY                 05/30",-64.71,DEBIT_CARD,3784.98,,
DEBIT,06/01/2026,"HIGHLEVEL INC. GOHIGHLEVEL.C TX              05/30",-100.00,DEBIT_CARD,3849.69,,
DEBIT,06/01/2026,"Online Realtime Transfer to Gabes Personal  6302 transaction#: 29413878579 reference#: 9413878579RX 06/01",-2000.00,ACCT_XFER,3949.69,,
DEBIT,06/01/2026,"M&M HELTON ENTERPRIS HOTPROSPECTOR NV        05/30",-40.00,DEBIT_CARD,5949.69,,
DEBIT,06/01/2026,"TWILIO INC WWW.TWILIO.CO CA                  05/30",-90.77,DEBIT_CARD,5989.69,,
DEBIT,05/29/2026,"MONTHLY SERVICE FEE",-15.00,FEE_TRANSACTION,6080.46,,
DEBIT,05/29/2026,"ORIG CO NAME:Wise Inc               ORIG ID:9453233521 DESC DATE:260529 CO ENTRY DESCR:WISE      SEC:CCD    TRACE#:021000020886020 EED:260529   IND ID:TrnWise                      IND NAME:Waiz Media                 96895990                                                                          96895990 TRN: 1490886020TC",-300.00,MISC_DEBIT,6095.46,,
DEBIT,05/29/2026,"CLOSEBOT WWW.CLOSEBOT. WA                    05/29",-40.16,DEBIT_CARD,6395.46,,
DEBIT,05/29/2026,"M&M HELTON ENTERPRIS HOTPROSPECTOR NV        05/28",-40.00,DEBIT_CARD,6435.62,,
DEBIT,05/28/2026,"ORIG CO NAME:AMERICAN EXPRESS       ORIG ID:9493560001 DESC DATE:260528 CO ENTRY DESCR:ACH PMT   SEC:CCD    TRACE#:021000021622074 EED:260528   IND ID:A9430                        IND NAME:GABRIEL GOERTZEN                                                                                             AM TRN: 1481622074TC",-1797.17,ACH_DEBIT,6475.62,,
CREDIT,05/28/2026,"ORIG CO NAME:STRIPE                 ORIG ID:1800948598 DESC DATE:       CO ENTRY DESCR:TRANSFER  SEC:CCD    TRACE#:091000013041083 EED:260528   IND ID:ST-Y1J9Z8Q1N8W7              IND NAME:GABRIEL GOERTZEN TRN: 1483041083TC",2912.70,ACH_CREDIT,8272.79,,
DEBIT,05/27/2026,"WWW.MAKE.COM WWW.MAKE.COM NY                 05/27",-10.13,DEBIT_CARD,5360.09,,
CREDIT,05/27/2026,"ORIG CO NAME:STRIPE                 ORIG ID:4270465600 DESC DATE:       CO ENTRY DESCR:TRANSFER  SEC:CCD    TRACE#:111000023222874 EED:260527   IND ID:ST-A3K8N1U8G2P3              IND NAME:GABRIEL GOERTZEN TRN: 1473222874TC",2414.70,ACH_CREDIT,5370.22,,
DEBIT,05/26/2026,"ORIG CO NAME:Wise Inc               ORIG ID:9453233521 DESC DATE:260526 CO ENTRY DESCR:WISE      SEC:CCD    TRACE#:021000021865711 EED:260526   IND ID:TrnWise                      IND NAME:Waiz Media                 96416819                                                                          96416819 TRN: 1461865711TC",-50.09,MISC_DEBIT,2955.52,,
DEBIT,05/26/2026,"ORIG CO NAME:Wise Inc               ORIG ID:9453233521 DESC DATE:260526 CO ENTRY DESCR:WISE      SEC:CCD    TRACE#:021000021862795 EED:260526   IND ID:TrnWise                      IND NAME:Waiz Media                 96548235                                                                          96548235 TRN: 1461862795TC",-50.09,MISC_DEBIT,3005.61,,
DEBIT,05/26/2026,"ORIG CO NAME:Wise Inc               ORIG ID:9453233521 DESC DATE:260526 CO ENTRY DESCR:WISE      SEC:CCD    TRACE#:021000021867832 EED:260526   IND ID:TrnWise                      IND NAME:Waiz Media                 96460487                                                                          96460487 TRN: 1461867832TC",-60.00,MISC_DEBIT,3055.70,,
DEBIT,05/26/2026,"ORIG CO NAME:Wise Inc               ORIG ID:9453233521 DESC DATE:260526 CO ENTRY DESCR:WISE      SEC:CCD    TRACE#:021000021853264 EED:260526   IND ID:TrnWise                      IND NAME:Waiz Media                 96560857                                                                          96560857 TRN: 1461853264TC",-60.00,MISC_DEBIT,3115.70,,
DEBIT,05/26/2026,"ORIG CO NAME:Wise Inc               ORIG ID:9453233521 DESC DATE:260526 CO ENTRY DESCR:WISE      SEC:CCD    TRACE#:021000021860962 EED:260526   IND ID:TrnWise                      IND NAME:Waiz Media                 96489824                                                                          96489824 TRN: 1461860962TC",-100.00,MISC_DEBIT,3175.70,,
DEBIT,05/26/2026,"WWW.MAKE.COM WWW.MAKE.COM NY                 05/25",-10.13,DEBIT_CARD,3275.70,,
DEBIT,05/26/2026,"MAKEUGC.AI LONDON                            05/24",-49.00,DEBIT_CARD,3285.83,,
DEBIT,05/26/2026,"TWILIO INC WWW.TWILIO.CO CA                  05/25",-91.43,DEBIT_CARD,3334.83,,
DEBIT,05/26/2026,"HIGHLEVEL INC. GOHIGHLEVEL.C TX              05/22",-100.00,DEBIT_CARD,3426.26,,
DEBIT,05/26/2026,"WWW.MAKE.COM WWW.MAKE.COM NY                 05/22",-10.13,DEBIT_CARD,3526.26,,
DEBIT,05/22/2026,"ORIG CO NAME:Wise Inc               ORIG ID:9453233521 DESC DATE:260522 CO ENTRY DESCR:WISE      SEC:CCD    TRACE#:021000023987109 EED:260522   IND ID:TrnWise                      IND NAME:Waiz Media                 96407365                                                                          96407365 TRN: 1423987109TC",-20.03,MISC_DEBIT,3536.39,,
DEBIT,05/22/2026,"CALLCENTERMASTERY HIGH WYCOMBE               05/21",497.00,DEBIT_CARD,3556.42,,
DEBIT,05/21/2026,"WEBFLOW.COM WEBFLOW.COM CA                   05/21",-29.00,DEBIT_CARD,3059.42,,
DEBIT,05/21/2026,"WWW.MAKE.COM WWW.MAKE.COM NY                 05/20",-10.13,DEBIT_CARD,3088.42,,
DEBIT,05/21/2026,"TWILIO INC WWW.TWILIO.CO CA                  05/20",-90.03,DEBIT_CARD,3098.55,,
DEBIT,05/20/2026,"HIGHLEVEL INC. GOHIGHLEVEL.C TX              05/19",-100.00,DEBIT_CARD,3188.58,,
CREDIT,05/20/2026,"ORIG CO NAME:STRIPE                 ORIG ID:4270465600 DESC DATE:       CO ENTRY DESCR:TRANSFER  SEC:CCD    TRACE#:111000027551371 EED:260520   IND ID:ST-U6U6D3B9M7Y8              IND NAME:GABRIEL GOERTZEN TRN: 1407551371TC",1359.10,ACH_CREDIT,3288.58,,
DEBIT,05/19/2026,"Online Realtime Transfer to Gabes Personal  6302 transaction#: 29278791723 reference#: 9278791723RX 05/19",-3000.00,ACCT_XFER,1929.48,,
DEBIT,05/19/2026,"HIGHLEVEL AGENCY SUB GOHIGHLEVEL.C TX        05/18",-297.00,DEBIT_CARD,4929.48,,
DEBIT,05/19/2026,"WWW.MAKE.COM WWW.MAKE.COM NY                 05/18",-10.13,DEBIT_CARD,5226.48,,
CREDIT,05/19/2026,"ORIG CO NAME:STRIPE                 ORIG ID:4270465600 DESC DATE:       CO ENTRY DESCR:TRANSFER  SEC:CCD    TRACE#:111000029355745 EED:260519   IND ID:ST-A2Z9O8W3W6Z3              IND NAME:GABRIEL GOERTZEN TRN: 1399355745TC",4126.45,ACH_CREDIT,5236.61,,
DEBIT,05/18/2026,"HOPPER *TRAVEL WWW.HOPPER.CO MA              05/18",-122.97,DEBIT_CARD,1110.16,,
DEBIT,05/18/2026,"ORIG CO NAME:Wise Inc               ORIG ID:9453233521 DESC DATE:260518 CO ENTRY DESCR:WISE      SEC:CCD    TRACE#:021000021636098 EED:260518   IND ID:TrnWise                      IND NAME:Waiz Media                 96010244                                                                          96010244 TRN: 1381636098TC",-350.60,MISC_DEBIT,1233.13,,
DEBIT,05/18/2026,"CLOSEBOT WWW.CLOSEBOT. WA                    05/16",-197.00,DEBIT_CARD,1583.73,,
DEBIT,05/18/2026,"HIGHLEVEL INC. GOHIGHLEVEL.C TX              05/16",-100.00,DEBIT_CARD,1780.73,,
DEBIT,05/18/2026,"WWW.MAKE.COM WWW.MAKE.COM NY                 05/16",-10.13,DEBIT_CARD,1880.73,,
DEBIT,05/18/2026,"TWILIO INC WWW.TWILIO.CO CA                  05/15",-91.52,DEBIT_CARD,1890.86,,
DEBIT,05/15/2026,"CURSOR, AI POWERED IDE CURSOR.COM CA         05/15",-20.00,DEBIT_CARD,1982.38,,
CREDIT,05/15/2026,"ORIG CO NAME:STRIPE                 ORIG ID:4270465600 DESC DATE:       CO ENTRY DESCR:TRANSFER  SEC:CCD    TRACE#:111000020092835 EED:260515   IND ID:ST-A4X5J1N0B5S9              IND NAME:GABRIEL GOERTZEN TRN: 1350092835TC",1359.10,ACH_CREDIT,2002.38,,
DEBIT,05/14/2026,"CALLCENTERMASTERY HIGH WYCOMBE               05/14",-497.00,DEBIT_CARD,643.28,,
DEBIT,05/13/2026,"ORIG CO NAME:Wise Inc               ORIG ID:9453233521 DESC DATE:260513 CO ENTRY DESCR:WISE      SEC:CCD    TRACE#:021000026319523 EED:260513   IND ID:TrnWise                      IND NAME:Waiz Media                 95716751                                                                          95716751 TRN: 1336319523TC",-35.06,MISC_DEBIT,1140.28,,
DEBIT,05/13/2026,"HIGHLEVEL INC. GOHIGHLEVEL.C TX              05/13",-100.00,DEBIT_CARD,1175.34,,
DEBIT,05/13/2026,"CLOSEBOT WWW.CLOSEBOT. WA                    05/12",-40.16,DEBIT_CARD,1275.34,,
DEBIT,05/11/2026,"ORIG CO NAME:Wise Inc               ORIG ID:9453233521 DESC DATE:260511 CO ENTRY DESCR:WISE      SEC:CCD    TRACE#:021000027800471 EED:260511   IND ID:TrnWise                      IND NAME:Waiz Media                 95571931                                                                          95571931 TRN: 1317800471TC",-20.03,MISC_DEBIT,1315.50,,
DEBIT,05/11/2026,"TWILIO INC WWW.TWILIO.CO CA                  05/09",-90.06,DEBIT_CARD,1335.53,,
DEBIT,05/08/2026,"ORIG CO NAME:Wise Inc               ORIG ID:9453233521 DESC DATE:260508 CO ENTRY DESCR:WISE      SEC:CCD    TRACE#:021000020993739 EED:260508   IND ID:TrnWise                      IND NAME:Waiz Media                 95359992                                                                          95359992 TRN: 1280993739TC",-4537.70,MISC_DEBIT,1425.59,,
DEBIT,05/08/2026,"Online Realtime Transfer to Gabes Personal  6302 transaction#: 29139588423 reference#: 9139588423RX 05/08",-1000.00,ACCT_XFER,5963.29,,
DEBIT,05/08/2026,"HIGHLEVEL INC. GOHIGHLEVEL.C TX              05/07",-100.00,DEBIT_CARD,6963.29,,
DEBIT,05/07/2026,"SLACK T07E9KEFKEH SLACK.COM CA               05/07",-55.13,DEBIT_CARD,7063.29,,
DEBIT,05/07/2026,"Online Realtime Transfer to Gabes Personal  6302 transaction#: 29120564342 reference#: 9120564342RX 05/07",-200.00,ACCT_XFER,7118.42,,
DEBIT,05/07/2026,"M&M HELTON ENTERPRIS HOTPROSPECTOR NV        05/07",-372.75,DEBIT_CARD,7318.42,,
CREDIT,05/07/2026,"REAL TIME PAYMENT CREDIT RECD FROM ABA/CONTR BNK-121000248  FROM: GABRIEL GOERTZEN/STRIPE PAYMENTS COMPAN REF: ST-XADYIEMPXM78X2XZF INFO: TEXT-RmtInf-ST-XADYIEMPXM78X2XZF8BN WAIZMEDIA LLC IID: 20260507121000248P1BPFAO78133382680 RECD: 13:45:14 TRN: 1288152127GD",3178.65,MISC_CREDIT,7691.17,,
DEBIT,05/06/2026,"ORIG CO NAME:Wise Inc               ORIG ID:9453233521 DESC DATE:260506 CO ENTRY DESCR:WISE      SEC:CCD    TRACE#:021000023172252 EED:260506   IND ID:TrnWise                      IND NAME:Waiz Media                 95236679                                                                          95236679 TRN: 1263172252TC",-400.68,MISC_DEBIT,4512.52,,
DEBIT,05/06/2026,"ORIG CO NAME:fathom.video           ORIG ID:1800948598 DESC DATE:       CO ENTRY DESCR:FATHOM.VIDSEC:WEB    TRACE#:091000010213026 EED:260506   IND ID:ST-J4P4W2E0X1Y1              IND NAME:WAIZ MEDIA LLC TRN: 1260213026TC",-20.00,MISC_DEBIT,4913.20,,
DEBIT,05/05/2026,"Online Realtime Transfer to Gabes Personal  6302 transaction#: 29103533389 reference#: 9103533389RX 05/05",-500.00,ACCT_XFER,4933.20,,
DEBIT,05/05/2026,"HIGHLEVEL INC. GOHIGHLEVEL.C TX              05/04",-100.00,DEBIT_CARD,5433.20,,
DEBIT,05/05/2026,"PAYPAL *CANVA 416-131-8870 DE                05/05",-7.35,DEBIT_CARD,5533.20,,
DEBIT,05/04/2026,"ORIG CO NAME:Wise Inc               ORIG ID:9453233521 DESC DATE:260504 CO ENTRY DESCR:WISE      SEC:CCD    TRACE#:021000024984841 EED:260504   IND ID:TrnWise                      IND NAME:Waiz Media                 94985844                                                                          94985844 TRN: 1244984841TC",-4507.65,MISC_DEBIT,5540.55,,
DEBIT,05/04/2026,"TWILIO INC WWW.TWILIO.CO CA                  05/03",-90.00,DEBIT_CARD,10048.20,,
DEBIT,05/04/2026,"CLAUDE.AI SUBSCRIPTI ANTHROPIC.COM CA        05/01",-20.00,DEBIT_CARD,10138.20,,
DEBIT,05/04/2026,"IDEOGRAM AI TORONTO ON                       05/01",-20.00,DEBIT_CARD,10158.20,,
CREDIT,05/04/2026,"ORIG CO NAME:STRIPE                 ORIG ID:4270465600 DESC DATE:       CO ENTRY DESCR:TRANSFER  SEC:CCD    TRACE#:111000022581082 EED:260504   IND ID:ST-X8R8E0T9S1I9              IND NAME:GABRIEL GOERTZEN TRN: 1242581082TC",3883.70,ACH_CREDIT,10178.20,,
DEBIT,05/01/2026,"ORIG CO NAME:Wise Inc               ORIG ID:9453233521 DESC DATE:260501 CO ENTRY DESCR:WISE      SEC:CCD    TRACE#:021000025612452 EED:260501   IND ID:TrnWise                      IND NAME:Waiz Media                 94874992                                                                          94874992 TRN: 1215612452TC",-500.85,MISC_DEBIT,6294.50,,
DEBIT,05/01/2026,"Zelle payment to Simone 28647843352",-43.00,QUICKPAY_DEBIT,6795.35,,
CREDIT,05/01/2026,"ORIG CO NAME:STRIPE                 ORIG ID:4270465600 DESC DATE:       CO ENTRY DESCR:TRANSFER  SEC:CCD    TRACE#:111000021655889 EED:260501   IND ID:ST-C0Q7J9E8L1T4              IND NAME:GABRIEL GOERTZEN TRN: 1211655889TC",2790.17,ACH_CREDIT,6838.35,,
DEBIT,04/30/2026,"MONTHLY SERVICE FEE",-15.00,FEE_TRANSACTION,4048.18,,
DEBIT,04/30/2026,"WWW.MAKE.COM WWW.MAKE.COM NY                 04/30",-64.71,DEBIT_CARD,4063.18,,
DEBIT,04/29/2026,"HIGHLEVEL INC. GOHIGHLEVEL.C TX              04/29",-100.00,DEBIT_CARD,4127.89,,
DEBIT,04/29/2026,"TWILIO INC WWW.TWILIO.CO CA                  04/29",-90.03,DEBIT_CARD,4227.89,,
CREDIT,04/29/2026,"ORIG CO NAME:STRIPE                 ORIG ID:4270465600 DESC DATE:       CO ENTRY DESCR:TRANSFER  SEC:CCD    TRACE#:111000027751323 EED:260429   IND ID:ST-S2M2X1B5E0V4              IND NAME:GABRIEL GOERTZEN TRN: 1197751323TC",1458.57,ACH_CREDIT,4317.92,,
DEBIT,04/28/2026,"WWW.MAKE.COM WWW.MAKE.COM NY                 04/27",-10.13,DEBIT_CARD,2859.35,,
DEBIT,04/28/2026,"SQSP* DOMAIN#2322517 SQUARESPACE.C NY        04/27",-13.54,DEBIT_CARD,2869.48,,
DEBIT,04/27/2026,"ORIG CO NAME:AMERICAN EXPRESS       ORIG ID:9493560001 DESC DATE:260427 CO ENTRY DESCR:ACH PMT   SEC:CCD    TRACE#:021000023396443 EED:260427   IND ID:A4180                        IND NAME:GABRIEL GOERTZEN                                                                                             AM TRN: 1173396443TC",-1177.03,ACH_DEBIT,2883.02,,
DEBIT,04/27/2026,"WISPR WISPRFLOW.AI CA                        04/25",-15.00,DEBIT_CARD,4060.05,,
DEBIT,04/27/2026,"MAKEUGC.AI LONDON                            04/24",-49.00,DEBIT_CARD,4075.05,,
DEBIT,04/24/2026,"WWW.MAKE.COM WWW.MAKE.COM NY                 04/24",-10.13,DEBIT_CARD,4124.05,,
DEBIT,04/24/2026,"Online Realtime Transfer to Gabes Personal  6302 transaction#: 28946252690 reference#: 9946252690RX 04/24",-1500.00,ACCT_XFER,4134.18,,
CREDIT,04/24/2026,"ORIG CO NAME:STRIPE                 ORIG ID:1800948598 DESC DATE:       CO ENTRY DESCR:TRANSFER  SEC:CCD    TRACE#:091000019709046 EED:260424   IND ID:ST-I6N1K3L0A3W3              IND NAME:GABRIEL GOERTZEN TRN: 1149709046TC",4150.27,ACH_CREDIT,5634.18,,
DEBIT,04/23/2026,"ORIG CO NAME:Wise Inc               ORIG ID:9453233521 DESC DATE:260423 CO ENTRY DESCR:WISE      SEC:CCD    TRACE#:021000028805316 EED:260423   IND ID:TrnWise                      IND NAME:Waiz Media                 94223074                                                                          94223074 TRN: 1138805316TC",-1602.72,MISC_DEBIT,1483.91,,
DEBIT,04/23/2026,"HIGHLEVEL INC. GOHIGHLEVEL.C TX              04/23",-100.00,DEBIT_CARD,3086.63,,
DEBIT,04/23/2026,"TWILIO INC WWW.TWILIO.CO CA                  04/22",-91.13,DEBIT_CARD,3186.63,,
DEBIT,04/22/2026,"ORIG CO NAME:Wise Inc               ORIG ID:9453233521 DESC DATE:260422 CO ENTRY DESCR:WISE      SEC:CCD    TRACE#:021000028101952 EED:260422   IND ID:TrnWise                      IND NAME:Waiz Media                 94120059                                                                          94120059 TRN: 1128101952TC",-200.34,MISC_DEBIT,3277.76,,
DEBIT,04/22/2026,"MAKEUGC.AI LONDON                            04/21",-1.00,DEBIT_CARD,3478.10,,
DEBIT,04/21/2026,"WWW.MAKE.COM WWW.MAKE.COM NY                 04/21",-10.13,DEBIT_CARD,3479.10,,
DEBIT,04/21/2026,"WEBFLOW.COM WEBFLOW.COM CA                   04/21",-29.00,DEBIT_CARD,3489.23,,
DEBIT,04/20/2026,"HOPPER *TRAVEL WWW.HOPPER.CO MA              04/18",-174.27,DEBIT_CARD,3518.23,,
DEBIT,04/20/2026,"HIGHLEVEL AGENCY SUB GOHIGHLEVEL.C TX        04/18",-297.00,DEBIT_CARD,3692.50,,
DEBIT,04/20/2026,"HIGHLEVEL INC. GOHIGHLEVEL.C TX              04/18",-100.00,DEBIT_CARD,3989.50,,
DEBIT,04/17/2026,"ORIG CO NAME:Wise Inc               ORIG ID:9453233521 DESC DATE:260417 CO ENTRY DESCR:WISE      SEC:CCD    TRACE#:021000024336896 EED:260417   IND ID:TrnWise                      IND NAME:Waiz Media                 93846457                                                                          93846457 TRN: 1074336896TC",-400.68,MISC_DEBIT,4089.50,,
DEBIT,04/17/2026,"Online Realtime Transfer to Gabes Personal  6302 transaction#: 28873044802 reference#: 9873044802RX 04/17",-500.00,ACCT_XFER,4490.18,,
DEBIT,04/17/2026,"CLOSEBOT WWW.CLOSEBOT. WA                    04/16",-197.00,DEBIT_CARD,4990.18,,
DEBIT,04/17/2026,"TWILIO INC WWW.TWILIO.CO CA                  04/16",-90.00,DEBIT_CARD,5187.18,,
DEBIT,04/14/2026,"HIGHLEVEL INC. GOHIGHLEVEL.C TX              04/14",-100.00,DEBIT_CARD,5277.18,,
CREDIT,04/14/2026,"ORIG CO NAME:STRIPE                 ORIG ID:4270465600 DESC DATE:       CO ENTRY DESCR:TRANSFER  SEC:CCD    TRACE#:111000025005073 EED:260414   IND ID:ST-I5V4T7X7K9A3              IND NAME:GABRIEL GOERTZEN TRN: 1045005073TC",2459.80,ACH_CREDIT,5377.18,,
DEBIT,04/13/2026,"TWILIO INC WWW.TWILIO.CO CA                  04/10",-90.02,DEBIT_CARD,2917.38,,
DEBIT,04/10/2026,"ORIG CO NAME:Wise Inc               ORIG ID:9453233521 DESC DATE:260410 CO ENTRY DESCR:WISE      SEC:CCD    TRACE#:021000025094194 EED:260410   IND ID:TrnWise                      IND NAME:Waiz Media                 93334000                                                                          93334000 TRN: 1005094194TC",-400.68,MISC_DEBIT,3007.40,,
DEBIT,04/10/2026,"HIGHLEVEL INC. GOHIGHLEVEL.C TX              04/10",-100.00,DEBIT_CARD,3408.08,,
DEBIT,04/10/2026,"OPENAI OPENAI.COM CA                         04/10",-10.03,DEBIT_CARD,3508.08,,
CREDIT,04/10/2026,"Zelle payment from Prosperity Investments LV LLC 28778125916",47.00,QUICKPAY_CREDIT,3518.11,,
DEBIT,04/09/2026,"Online Realtime Transfer to Gabes Personal  6302 transaction#: 28758435805 reference#: 9758435805RX 04/09",-1000.00,ACCT_XFER,3471.11,,
DEBIT,04/07/2026,"SLACK T07E9KEFKEH SLACK.COM CA               04/07",-77.05,DEBIT_CARD,4471.11,,
DEBIT,04/07/2026,"M&M HELTON ENTERPRIS HOTPROSPECTOR NV        04/07",-372.75,DEBIT_CARD,4548.16,,
DEBIT,04/06/2026,"ORIG CO NAME:fathom.video           ORIG ID:1800948598 DESC DATE:       CO ENTRY DESCR:FATHOM.VIDSEC:WEB    TRACE#:091000012455625 EED:260406   IND ID:ST-H3B0C2J7B8B1              IND NAME:WAIZ MEDIA LLC TRN: 0962455625TC",-20.00,MISC_DEBIT,4920.91,,
DEBIT,04/06/2026,"ORIG CO NAME:Wise Inc               ORIG ID:9453233521 DESC DATE:260406 CO ENTRY DESCR:WISE      SEC:CCD    TRACE#:021000022411316 EED:260406   IND ID:TrnWise                      IND NAME:Waiz Media                 93047448                                                                          93047448 TRN: 0962411316TC",-1001.70,MISC_DEBIT,4940.91,,
DEBIT,04/06/2026,"HIGHLEVEL INC. GOHIGHLEVEL.C TX              04/05",-100.00,DEBIT_CARD,5942.61,,
DEBIT,04/06/2026,"PAYPAL *CANVA 416-131-8870 DE                04/05",-7.06,DEBIT_CARD,6042.61,,
DEBIT,04/06/2026,"TWILIO INC WWW.TWILIO.CO CA                  04/04",-90.09,DEBIT_CARD,6049.67,,
DEBIT,04/06/2026,"HOPPER *TRAVEL 8582889035 MA                 04/05",6.66,DEBIT_CARD,6139.76,,
DEBIT,04/03/2026,"ORIG CO NAME:Wise Inc               ORIG ID:9453233521 DESC DATE:260403 CO ENTRY DESCR:WISE      SEC:CCD    TRACE#:021000021815303 EED:260403   IND ID:TrnWise                      IND NAME:Waiz Media                 92893625                                                                          92893625 TRN: 0931815303TC",-1106.11,MISC_DEBIT,6133.10,,
CREDIT,04/03/2026,"REAL TIME PAYMENT CREDIT RECD FROM ABA/CONTR BNK-121000248  FROM: GABRIEL GOERTZEN/STRIPE PAYMENTS COMPAN REF: ST-JGVXBUKPJEUGPGPC4 INFO: TEXT-RmtInf-ST-JGVXBUKPJEUGPGPC4PKY WAIZMEDIA LLC IID: 20260403121000248P1BPDAS75193060002 RECD: 16:59:24 TRN: 1977092093GD",4350.92,MISC_CREDIT,7239.21,,
DEBIT,04/02/2026,"ORIG CO NAME:Wise Inc               ORIG ID:9453233521 DESC DATE:260402 CO ENTRY DESCR:WISE      SEC:CCD    TRACE#:021000027935196 EED:260402   IND ID:TrnWise                      IND NAME:Waiz Media                 92764155                                                                          92764155 TRN: 0927935196TC",-3005.10,MISC_DEBIT,2888.29,,
DEBIT,04/02/2026,"Online Realtime Transfer to Gabes Personal  6302 transaction#: 28665708975 reference#: 9665708975RX 04/02",-1000.00,ACCT_XFER,5893.39,,
CREDIT,04/02/2026,"ORIG CO NAME:STRIPE                 ORIG ID:4270465600 DESC DATE:       CO ENTRY DESCR:TRANSFER  SEC:CCD    TRACE#:111000022375720 EED:260402   IND ID:ST-R0Q8Q2Z6T1B8              IND NAME:GABRIEL GOERTZEN TRN: 0922375720TC",1734.90,ACH_CREDIT,6893.39,,
DEBIT,04/01/2026,"ORIG CO NAME:Wise Inc               ORIG ID:9453233521 DESC DATE:260401 CO ENTRY DESCR:WISE      SEC:CCD    TRACE#:021000023840460 EED:260401   IND ID:TrnWise                      IND NAME:Waiz Media                 92714032                                                                          92714032 TRN: 0913840460TC",-60.00,MISC_DEBIT,5158.49,,
DEBIT,04/01/2026,"Zelle payment to Cindi Walters JPM99cbdbjuu",-1003.00,CHASE_TO_PARTNERFI,5218.49,,
DEBIT,04/01/2026,"Zelle payment to Walters JPM99cbd3730",-1003.00,CHASE_TO_PARTNERFI,6221.49,,
DEBIT,04/01/2026,"Zelle payment to Simone 28259450402",-43.00,QUICKPAY_DEBIT,7224.49,,
DEBIT,03/31/2026,"MONTHLY SERVICE FEE",-15.00,FEE_TRANSACTION,7267.49,,
DEBIT,03/31/2026,"HIGHLEVEL INC. GOHIGHLEVEL.C TX              03/31",-100.00,DEBIT_CARD,7282.49,,
DEBIT,03/30/2026,"ORIG CO NAME:Wise Inc               ORIG ID:9453233521 DESC DATE:260330 CO ENTRY DESCR:WISE      SEC:CCD    TRACE#:021000022465811 EED:260330   IND ID:TrnWise                      IND NAME:Waiz Media                 92500240                                                                          92500240 TRN: 0892465811TC",-100.00,MISC_DEBIT,7382.49,,
DEBIT,03/30/2026,"Online Realtime Transfer to Gabes Personal  6302 transaction#: 28630257730 reference#: 9630257730RX 03/30",-1500.00,ACCT_XFER,7482.49,,
DEBIT,03/30/2026,"ORIG CO NAME:Wise Inc               ORIG ID:9453233521 DESC DATE:260330 CO ENTRY DESCR:WISE      SEC:CCD    TRACE#:021000022089428 EED:260330   IND ID:TrnWise                      IND NAME:Waiz Media                 92485764                                                                          92485764 TRN: 0892089428TC",-200.00,MISC_DEBIT,8982.49,,
DEBIT,03/30/2026,"WWW.MAKE.COM WWW.MAKE.COM NY                 03/30",-64.71,DEBIT_CARD,9182.49,,
DEBIT,03/30/2026,"ORIG CO NAME:AMERICAN EXPRESS       ORIG ID:9493560001 DESC DATE:260330 CO ENTRY DESCR:ACH PMT   SEC:CCD    TRACE#:021000024719751 EED:260330   IND ID:A1472                        IND NAME:GABRIEL GOERTZEN                                                                                             AM TRN: 0894719751TC",-868.84,ACH_DEBIT,9247.20,,
DEBIT,03/30/2026,"TWILIO INC WWW.TWILIO.CO CA                  03/27",-91.01,DEBIT_CARD,10116.04,,
CREDIT,03/30/2026,"ORIG CO NAME:STRIPE                 ORIG ID:4270465600 DESC DATE:       CO ENTRY DESCR:TRANSFER  SEC:CCD    TRACE#:111000026440606 EED:260330   IND ID:ST-X3D4S0P8Q5L4              IND NAME:GABRIEL GOERTZEN TRN: 0896440606TC",8155.80,ACH_CREDIT,10207.05,,
DEBIT,03/27/2026,"ORIG CO NAME:Wise Inc               ORIG ID:9453233521 DESC DATE:260327 CO ENTRY DESCR:WISE      SEC:CCD    TRACE#:021000020960211 EED:260327   IND ID:TrnWise                      IND NAME:Waiz Media                 92238156                                                                          92238156 TRN: 0860960211TC",-200.34,MISC_DEBIT,2051.25,,
DEBIT,03/26/2026,"WISPR WISPRFLOW.AI CA                        03/25",-15.00,DEBIT_CARD,2251.59,,
DEBIT,03/24/2026,"HIGHLEVEL INC. GOHIGHLEVEL.C TX              03/24",-100.00,DEBIT_CARD,2266.59,,
DEBIT,03/24/2026,"TWILIO INC WWW.TWILIO.CO CA                  03/24",-90.01,DEBIT_CARD,2366.59,,
DEBIT,03/23/2026,"WEBFLOW.COM WEBFLOW.COM CA                   03/21",-29.00,DEBIT_CARD,2456.60,,
CREDIT,03/23/2026,"Zelle payment from SRJ FINANCIAL MANAGEMENT INC. WFCT0ZY265NS",47.00,PARTNERFI_TO_CHASE,2485.60,,
DEBIT,03/19/2026,"HIGHLEVEL INC. GOHIGHLEVEL.C TX              03/19",-100.00,DEBIT_CARD,2438.60,,
DEBIT,03/19/2026,"HIGHLEVEL AGENCY SUB GOHIGHLEVEL.C TX        03/18",-297.00,DEBIT_CARD,2538.60,,
DEBIT,03/19/2026,"TWILIO INC WWW.TWILIO.CO CA                  03/19",-90.04,DEBIT_CARD,2835.60,,
DEBIT,03/17/2026,"CLOSEBOT WWW.CLOSEBOT. WA                    03/16",-197.00,DEBIT_CARD,2925.64,,
CREDIT,03/17/2026,"Zelle payment from Ken Yoshitake 0PE07B316L32",47.00,PARTNERFI_TO_CHASE,3122.64,,
DEBIT,03/16/2026,"Online Realtime Transfer to Gabes Personal  6302 transaction#: 28462664372 reference#: 9462664372RX 03/16",-1500.00,ACCT_XFER,3075.64,,
DEBIT,03/16/2026,"TWILIO INC WWW.TWILIO.CO CA                  03/14",-90.04,DEBIT_CARD,4575.64,,
DEBIT,03/13/2026,"HIGHLEVEL INC. GOHIGHLEVEL.C TX              03/13",-100.00,DEBIT_CARD,4665.68,,
CREDIT,03/13/2026,"ORIG CO NAME:STRIPE                 ORIG ID:1800948598 DESC DATE:       CO ENTRY DESCR:TRANSFER  SEC:CCD    TRACE#:091000017150695 EED:260313   IND ID:ST-O2B1J2P0D7J6              IND NAME:GABRIEL GOERTZEN TRN: 0727150695TC",2414.70,ACH_CREDIT,4765.68,,
DEBIT,03/12/2026,"HOPPER *TRAVEL 858-288-9035 MA               03/12",-249.06,DEBIT_CARD,2350.98,,
DEBIT,03/12/2026,"TWILIO INC TWILIO.COM CA                     03/11",-90.09,DEBIT_CARD,2600.04,,
CREDIT,03/12/2026,"ORIG CO NAME:STRIPE                 ORIG ID:1800948598 DESC DATE:       CO ENTRY DESCR:TRANSFER  SEC:CCD    TRACE#:091000010022888 EED:260312   IND ID:ST-Y1D0F4U3S1A0              IND NAME:GABRIEL GOERTZEN TRN: 0710022888TC",1015.00,ACH_CREDIT,2690.13,,
DEBIT,03/11/2026,"CLOSEBOT WWW.CLOSEBOT. WA                    03/10",-40.48,DEBIT_CARD,1675.13,,
DEBIT,03/10/2026,"Online Realtime Transfer to Gabes Personal  6302 transaction#: 28380358569 reference#: 9380358569RX 03/10",-1500.00,ACCT_XFER,1715.61,,
CREDIT,03/10/2026,"ORIG CO NAME:STRIPE                 ORIG ID:1800948598 DESC DATE:       CO ENTRY DESCR:TRANSFER  SEC:CCD    TRACE#:091000019065866 EED:260310   IND ID:ST-Y6X8N2W8D7A6              IND NAME:GABRIEL GOERTZEN TRN: 0699065866TC",2673.90,ACH_CREDIT,3215.61,,
DEBIT,03/09/2026,"Online Realtime Transfer to Gabes Personal  6302 transaction#: 28369463244 reference#: 9369463244RX 03/09",-1000.00,ACCT_XFER,541.71,,
DEBIT,03/09/2026,"SLACK T07E9KEFKEH SLACK.COM CA               03/07",-46.57,DEBIT_CARD,1541.71,,
DEBIT,03/09/2026,"M&M HELTON ENTERPRIS HOTPROSPECTOR NV        03/07",-372.50,DEBIT_CARD,1588.28,,
DEBIT,03/09/2026,"TWILIO INC TWILIO.COM CA                     03/06",-90.22,DEBIT_CARD,1960.78,,
CREDIT,03/09/2026,"REAL TIME PAYMENT CREDIT RECD FROM ABA/CONTR BNK-121000248  FROM: GABRIEL GOERTZEN/STRIPE PAYMENTS COMPAN REF: ST-KAYWZ4PGJK7DYFVLA INFO: TEXT-RmtInf-ST-KAYWZ4PGJK7DYFVLA3HF WAIZMEDIA LLC IID: 20260309121000248P1BPGAO72603800101 RECD: 16:22:36 TRN: 1655962068GA",1000.00,MISC_CREDIT,2051.00,,
DEBIT,03/06/2026,"ORIG CO NAME:fathom.video           ORIG ID:1800948598 DESC DATE:       CO ENTRY DESCR:FATHOM.VIDSEC:WEB    TRACE#:091000016557710 EED:260306   IND ID:ST-K6N8Q9S3H0S2              IND NAME:WAIZ MEDIA LLC TRN: 0656557710TC",-20.00,MISC_DEBIT,1051.00,,
DEBIT,03/05/2026,"HIGHLEVEL INC. GOHIGHLEVEL.C TX              03/05",-100.00,DEBIT_CARD,1071.00,,
DEBIT,03/05/2026,"PAYPAL *CANVA 416-131-8870 DE                03/04",-7.00,DEBIT_CARD,1171.00,,
DEBIT,03/05/2026,"TWILIO INC TWILIO.COM CA                     03/04",-90.00,DEBIT_CARD,1178.00,,
DEBIT,03/03/2026,"Online Realtime Transfer to Gabes Personal  6302 transaction#: 28286582940 reference#: 9286582940RX 03/03",-500.00,ACCT_XFER,1268.00,,
DEBIT,03/02/2026,"ORIG CO NAME:Wise Inc               ORIG ID:9453233521 DESC DATE:260302 CO ENTRY DESCR:WISE      SEC:CCD    TRACE#:021000029330224 EED:260302   IND ID:TrnWise                      IND NAME:Waiz Media                 90515855                                                                          90515855 TRN: 0619330224TC",-5008.50,MISC_DEBIT,1768.00,,
DEBIT,03/02/2026,"Zelle payment to Simone 27906105230",-43.00,QUICKPAY_DEBIT,6776.50,,
DEBIT,03/02/2026,"Zelle payment to Walters JPM99c7gqedh",-1003.00,CHASE_TO_PARTNERFI,6819.50,,
DEBIT,03/02/2026,"WWW.MAKE.COM WWW.MAKE.COM NY                 02/28",-64.71,DEBIT_CARD,7822.50,,
DEBIT,03/02/2026,"TWILIO INC TWILIO.COM CA                     03/01",-90.03,DEBIT_CARD,7887.21,,
DEBIT,03/02/2026,"TWILIO INC TWILIO.COM CA                     02/27",-90.51,DEBIT_CARD,7977.24,,
CREDIT,03/02/2026,"REAL TIME PAYMENT CREDIT RECD FROM ABA/CONTR BNK-121000248  FROM: GABRIEL GOERTZEN/STRIPE PAYMENTS COMPAN REF: ST-URBOYGLDXJGJ6GYAX INFO: TEXT-RmtInf-ST-URBOYGLDXJGJ6GYAXZDB WAIZMEDIA LLC IID: 20260302121000248P1BPIAO71998789233 RECD: 08:05:23 TRN: 0271322061GC",2391.33,MISC_CREDIT,8067.75,,
CREDIT,03/02/2026,"REAL TIME PAYMENT CREDIT RECD FROM ABA/CONTR BNK-121000248  FROM: GABRIEL GOERTZEN/STRIPE PAYMENTS COMPAN REF: ST-TV2CGR21EMUIJOAPM INFO: TEXT-RmtInf-ST-TV2CGR21EMUIJOAPMNSA WAIZMEDIA LLC IID: 20260302121000248P1BPDAO71999207746 RECD: 18:23:11 TRN: 1908682061GD",4030.97,MISC_CREDIT,5676.42,,
DEBIT,02/27/2026,"Zelle payment to Cristiano JPM99c7775tk",-800.00,CHASE_TO_PARTNERFI,1645.45,,
DEBIT,02/26/2026,"WISPR WISPRFLOW.AI CA                        02/25",-15.00,DEBIT_CARD,2445.45,,
DEBIT,02/26/2026,"TWILIO INC TWILIO.COM CA                     02/25",-90.01,DEBIT_CARD,2460.45,,
DEBIT,02/25/2026,"ORIG CO NAME:Wise Inc               ORIG ID:9453233521 DESC DATE:260225 CO ENTRY DESCR:WISE      SEC:CCD    TRACE#:021000023149776 EED:260225   IND ID:TrnWise                      IND NAME:Waiz Media                 90080196                                                                          90080196 TRN: 0563149776TC",-100.17,MISC_DEBIT,2550.46,,
DEBIT,02/25/2026,"TWILIO INC TWILIO.COM CA                     02/24",-91.34,DEBIT_CARD,2650.63,,
DEBIT,02/24/2026,"ORIG CO NAME:Wise Inc               ORIG ID:9453233521 DESC DATE:260224 CO ENTRY DESCR:WISE      SEC:CCD    TRACE#:021000023670237 EED:260224   IND ID:TrnWise                      IND NAME:Waiz Media                 89949205                                                                          89949205 TRN: 0553670237TC",-200.34,MISC_DEBIT,2741.97,,
DEBIT,02/24/2026,"HIGHLEVEL INC. GOHIGHLEVEL.C TX              02/24",-100.00,DEBIT_CARD,2942.31,,
DEBIT,02/23/2026,"WEBFLOW.COM WEBFLOW.COM CA                   02/21",-29.00,DEBIT_CARD,3042.31,,
DEBIT,02/23/2026,"M&M HELTON ENTERPRIS HOTPROSPECTOR NV        02/20",-40.00,DEBIT_CARD,3071.31,,
DEBIT,02/23/2026,"TWILIO INC TWILIO.COM CA                     02/21",-90.00,DEBIT_CARD,3111.31,,
DEBIT,02/20/2026,"Online Realtime Transfer to Gabes Personal  6302 transaction#: 28139895458 reference#: 9139895458RX 02/20",-1000.00,ACCT_XFER,3201.31,,
DEBIT,02/20/2026,"TWILIO INC TWILIO.COM CA                     02/20",-90.04,DEBIT_CARD,4201.31,,
DEBIT,02/19/2026,"ORIG CO NAME:AMERICAN EXPRESS       ORIG ID:2005032111 DESC DATE:260219 CO ENTRY DESCR:ACH PMT   SEC:CCD    TRACE#:021000023276056 EED:260219   IND ID:W7950                        IND NAME:GABRIEL GOERTZEN                                                                                             ER AM TRN: 0503276056TC",-3067.01,ACH_DEBIT,4291.35,,
DEBIT,02/19/2026,"HIGHLEVEL AGENCY SUB GOHIGHLEVEL.C TX        02/18",-297.00,DEBIT_CARD,7358.36,,
DEBIT,02/19/2026,"TWILIO INC TWILIO.COM CA                     02/18",-90.01,DEBIT_CARD,7655.36,,
DEBIT,02/18/2026,"HIGHLEVEL INC. GOHIGHLEVEL.C TX              02/18",-100.00,DEBIT_CARD,7745.37,,
DEBIT,02/17/2026,"ORIG CO NAME:Wise Inc               ORIG ID:9453233521 DESC DATE:260217 CO ENTRY DESCR:WISE      SEC:CCD    TRACE#:021000026150691 EED:260217   IND ID:TrnWise                      IND NAME:Waiz Media                 89377476                                                                          89377476 TRN: 0486150691TC",-100.17,MISC_DEBIT,7845.37,,
DEBIT,02/17/2026,"ORIG CO NAME:Wise Inc               ORIG ID:9453233521 DESC DATE:260217 CO ENTRY DESCR:WISE      SEC:CCD    TRACE#:021000026141964 EED:260217   IND ID:TrnWise                      IND NAME:Waiz Media                 89427327                                                                          89427327 TRN: 0486141964TC",-150.26,MISC_DEBIT,7945.54,,
DEBIT,02/17/2026,"CLOSEBOT WWW.CLOSEBOT. WA                    02/16",-197.00,DEBIT_CARD,8095.80,,
DEBIT,02/17/2026,"HIGHLEVEL INC. GOHIGHLEVEL.C TX              02/14",-105.50,DEBIT_CARD,8292.80,,
DEBIT,02/17/2026,"TWILIO INC TWILIO.COM CA                     02/15",-90.13,DEBIT_CARD,8398.30,,
DEBIT,02/17/2026,"TWILIO INC TWILIO.COM CA                     02/14",-90.00,DEBIT_CARD,8488.43,,
DEBIT,02/13/2026,"CLOSEBOT WWW.CLOSEBOT. WA                    02/12",-40.96,DEBIT_CARD,8578.43,,
DEBIT,02/12/2026,"ORIG CO NAME:Wise Inc               ORIG ID:9453233521 DESC DATE:260212 CO ENTRY DESCR:WISE      SEC:CCD    TRACE#:021000021916829 EED:260212   IND ID:TrnWise                      IND NAME:Waiz Media                 89236769                                                                          89236769 TRN: 0431916829TC",-100.17,MISC_DEBIT,8619.39,,
DEBIT,02/12/2026,"ORIG CO NAME:Wise Inc               ORIG ID:9453233521 DESC DATE:260212 CO ENTRY DESCR:WISE      SEC:CCD    TRACE#:021000028583726 EED:260212   IND ID:TrnWise                      IND NAME:Waiz Media                 89195445                                                                          89195445 TRN: 0438583726TC",-506.11,MISC_DEBIT,8719.56,,
DEBIT,02/12/2026,"SQSP* DOMAIN#2219474 SQUARESPACE.C NY        02/12",-13.00,DEBIT_CARD,9225.67,,
DEBIT,02/12/2026,"TWILIO INC TWILIO.COM CA                     02/11",-90.05,DEBIT_CARD,9238.67,,
DEBIT,02/09/2026,"ORIG CO NAME:Wise Inc               ORIG ID:9453233521 DESC DATE:260209 CO ENTRY DESCR:WISE      SEC:CCD    TRACE#:021000021774882 EED:260209   IND ID:TrnWise                      IND NAME:Waiz Media                 89023287                                                                          89023287 TRN: 0401774882TC",-991.68,MISC_DEBIT,9328.72,,
DEBIT,02/09/2026,"Online Realtime Transfer to Gabes Personal  6302 transaction#: 28010056552 reference#: 9010056552RX 02/09",-2000.00,ACCT_XFER,10320.40,,
DEBIT,02/09/2026,"HIGHLEVEL INC. GOHIGHLEVEL.C TX              02/09",-100.00,DEBIT_CARD,12320.40,,
DEBIT,02/09/2026,"TWILIO INC TWILIO.COM CA                     02/08",-91.15,DEBIT_CARD,12420.40,,
DEBIT,02/09/2026,"SLACK T07E9KEFKEH SLACK.COM CA               02/07",-100.20,DEBIT_CARD,12511.55,,
DEBIT,02/09/2026,"M&M HELTON ENTERPRIS HOTPROSPECTOR NV        02/07",-372.50,DEBIT_CARD,12611.75,,
DEBIT,02/09/2026,"TWILIO INC TWILIO.COM CA                     02/06",-90.04,DEBIT_CARD,12984.25,,
CREDIT,02/09/2026,"REAL TIME PAYMENT CREDIT RECD FROM ABA/CONTR BNK-121000248  FROM: GABRIEL GOERTZEN/STRIPE PAYMENTS COMPAN REF: ST-MPVWUFGCJLRW10XXR INFO: TEXT-RmtInf-ST-MPVWUFGCJLRW10XXRISU WAIZMEDIA LLC IID: 20260207121000248P1BPEAO70263455257 RECD: 09:48:57 TRN: 0435752038GB",6371.36,MISC_CREDIT,13074.29,,
DEBIT,02/06/2026,"ORIG CO NAME:fathom.video           ORIG ID:4270465600 DESC DATE:       CO ENTRY DESCR:FATHOM.VIDSEC:WEB    TRACE#:111000026836230 EED:260206   IND ID:ST-P5Y4O7L5K9O6              IND NAME:WAIZ MEDIA LLC TRN: 0376836230TC",-20.00,MISC_DEBIT,6702.93,,
CREDIT,02/06/2026,"ORIG CO NAME:STRIPE                 ORIG ID:1800948598 DESC DATE:       CO ENTRY DESCR:TRANSFER  SEC:CCD    TRACE#:091000010401068 EED:260206   IND ID:ST-N0G0R5O1W7D3              IND NAME:GABRIEL GOERTZEN TRN: 0370401068TC",961.70,ACH_CREDIT,6722.93,,
DEBIT,02/05/2026,"CLOSEBOT WWW.CLOSEBOT. WA                    02/04",-40.40,DEBIT_CARD,5761.23,,
DEBIT,02/05/2026,"PAYPAL *CANVA 416-131-8870 DE                02/04",-6.99,DEBIT_CARD,5801.63,,
DEBIT,02/05/2026,"TWILIO INC TWILIO.COM CA                     02/04",-90.06,DEBIT_CARD,5808.62,,
DEBIT,02/03/2026,"HIGHLEVEL INC. GOHIGHLEVEL.C TX              02/03",-100.00,DEBIT_CARD,5898.68,,
DEBIT,02/03/2026,"Zelle payment to Cindi Walters JPM99c49z3pu",-1003.00,CHASE_TO_PARTNERFI,5998.68,,
DEBIT,02/03/2026,"TWILIO INC TWILIO.COM CA                     02/02",-90.03,DEBIT_CARD,7001.68,,
DEBIT,02/02/2026,"STANDARD ACH PMNTS INITIAL FEE",-2.50,FEE_TRANSACTION,7091.71,,
DEBIT,02/02/2026,"ORIG CO NAME:Wise Inc               ORIG ID:9453233521 DESC DATE:260202 CO ENTRY DESCR:WISE      SEC:CCD    TRACE#:021000021705752 EED:260202   IND ID:TrnWise                      IND NAME:Waiz Media                 88564055                                                                          88564055 TRN: 0331705752TC",-2003.40,MISC_DEBIT,7094.21,,
DEBIT,02/02/2026,"ORIG CO NAME:Wise Inc               ORIG ID:9453233521 DESC DATE:260202 CO ENTRY DESCR:WISE      SEC:CCD    TRACE#:021000027755621 EED:260202   IND ID:TrnWise                      IND NAME:Waiz Media                 88502643                                                                          88502643 TRN: 0337755621TC",-3005.10,MISC_DEBIT,9097.61,,
DEBIT,02/02/2026,"Online Realtime Transfer to Gabes Personal  6302 transaction#: 27920367797 reference#: 9920367797RX 02/02",-500.00,ACCT_XFER,12102.71,,
DEBIT,02/02/2026,"Zelle payment to Simone 27538107503",-43.00,QUICKPAY_DEBIT,12602.71,,
DEBIT,02/02/2026,"TABEXTEND.COM SOLLENTUNA                     01/30",-8.00,DEBIT_CARD,12645.71,,
CREDIT,02/02/2026,"ORIG CO NAME:STRIPE                 ORIG ID:1800948598 DESC DATE:       CO ENTRY DESCR:TRANSFER  SEC:CCD    TRACE#:091000017685140 EED:260202   IND ID:ST-K6P9D6X3U5V3              IND NAME:GABRIEL GOERTZEN TRN: 0337685140TC",3300.80,ACH_CREDIT,12653.71,,
CREDIT,02/02/2026,"REAL TIME PAYMENT CREDIT RECD FROM ABA/CONTR BNK-121000248  FROM: GABRIEL GOERTZEN/STRIPE PAYMENTS COMPAN REF: ST-QW0GRSHCTM9JZ9ZMH INFO: TEXT-RmtInf-ST-QW0GRSHCTM9JZ9ZMHIBR WAIZMEDIA LLC IID: 20260202121000248P1BPEAO69581541516 RECD: 15:25:34 TRN: 1321712033GE",8613.27,MISC_CREDIT,9352.91,,
DEBIT,01/30/2026,"MONTHLY SERVICE FEE",-15.00,FEE_TRANSACTION,739.64,,
DEBIT,01/30/2026,"WWW.MAKE.COM WWW.MAKE.COM NY                 01/30",-64.71,DEBIT_CARD,754.64,,
DEBIT,01/30/2026,"TWILIO INC TWILIO.COM CA                     01/30",-90.01,DEBIT_CARD,819.35,,
DEBIT,01/29/2026,"CLOSEBOT WWW.CLOSEBOT. WA                    01/28",-40.40,DEBIT_CARD,909.36,,
DEBIT,01/29/2026,"TWILIO INC TWILIO.COM CA                     01/28",-90.07,DEBIT_CARD,949.76,,
DEBIT,01/28/2026,"ORIG CO NAME:AMERICAN EXPRESS       ORIG ID:9493560001 DESC DATE:260128 CO ENTRY DESCR:ACH PMT   SEC:CCD    TRACE#:021000022235073 EED:260128   IND ID:A7300                        IND NAME:GABRIEL GOERTZEN                                                                                             AM TRN: 0282235073TC",-1156.84,ACH_DEBIT,1039.83,,
DEBIT,01/28/2026,"Online Realtime Transfer to Gabes Personal  6302 transaction#: 27852735991 reference#: 9852735991RX 01/28",-1000.00,ACCT_XFER,2196.67,,
DEBIT,01/28/2026,"WWW.MAKE.COM WWW.MAKE.COM NY                 01/28",-10.13,DEBIT_CARD,3196.67,,
CREDIT,01/28/2026,"ORIG CO NAME:STRIPE                 ORIG ID:1800948598 DESC DATE:       CO ENTRY DESCR:TRANSFER  SEC:CCD    TRACE#:091000011502382 EED:260128   IND ID:ST-P4O8L5G0I6H9              IND NAME:GABRIEL GOERTZEN TRN: 0281502382TC",2831.38,ACH_CREDIT,3206.80,,
DEBIT,01/27/2026,"HIGHLEVEL INC. GOHIGHLEVEL.C TX              01/27",-100.00,DEBIT_CARD,375.42,,
DEBIT,01/27/2026,"M&M HELTON ENTERPRIS HOTPROSPECTOR NV        01/26",-40.00,DEBIT_CARD,475.42,,
DEBIT,01/26/2026,"WISPR WISPRFLOW.AI CA                        01/25",-15.00,DEBIT_CARD,515.42,,
DEBIT,01/26/2026,"TWILIO INC TWILIO.COM CA                     01/25",-91.23,DEBIT_CARD,530.42,,
DEBIT,01/26/2026,"TWILIO INC TWILIO.COM CA                     01/23",-90.43,DEBIT_CARD,621.65,,
DEBIT,01/23/2026,"HIGHLEVEL INC. GOHIGHLEVEL.C TX              01/23",-100.00,DEBIT_CARD,712.08,,
DEBIT,01/22/2026,"HIGHLEVEL INC. GOHIGHLEVEL.C TX              01/21",-100.00,DEBIT_CARD,812.08,,
DEBIT,01/22/2026,"TWILIO INC TWILIO.COM CA                     01/22",-90.10,DEBIT_CARD,912.08,,
DEBIT,01/21/2026,"WEBFLOW.COM WEBFLOW.COM CA                   01/21",-29.00,DEBIT_CARD,1002.18,,
DEBIT,01/21/2026,"TWILIO INC TWILIO.COM CA                     01/21",-90.00,DEBIT_CARD,1031.18,,
DEBIT,01/20/2026,"Online Realtime Transfer to Gabes Personal  6302 transaction#: 27764034040 reference#: 9764034040RX 01/20",-600.00,ACCT_XFER,1121.18,,
DEBIT,01/20/2026,"NOTION LABS, INC. NOTION.SO CA               01/19",-22.00,DEBIT_CARD,1721.18,,
DEBIT,01/20/2026,"HIGHLEVEL AGENCY SUB GOHIGHLEVEL.C TX        01/18",-297.00,DEBIT_CARD,1743.18,,
DEBIT,01/20/2026,"HIGHLEVEL INC. GOHIGHLEVEL.C TX              01/18",-100.00,DEBIT_CARD,2040.18,,
DEBIT,01/20/2026,"CLOSEBOT WWW.CLOSEBOT. WA                    01/16",-197.00,DEBIT_CARD,2140.18,,
DEBIT,01/20/2026,"TWILIO INC TWILIO.COM CA                     01/17",-93.88,DEBIT_CARD,2337.18,,
DEBIT,01/20/2026,"TWILIO INC TWILIO.COM CA                     01/16",-90.13,DEBIT_CARD,2431.06,,
DEBIT,01/15/2026,"CLOSEBOT WWW.CLOSEBOT. WA                    01/14",-40.96,DEBIT_CARD,2521.19,,
DEBIT,01/15/2026,"TWILIO INC TWILIO.COM CA                     01/15",-90.03,DEBIT_CARD,2562.15,,
DEBIT,01/14/2026,"Zelle payment to Dmak 27690246056",-10.00,QUICKPAY_DEBIT,2652.18,,
DEBIT,01/14/2026,"Online Realtime Transfer to Gabes Personal  6302 transaction#: 27689805405 reference#: 9689805405RX 01/14",-200.00,ACCT_XFER,2662.18,,
DEBIT,01/14/2026,"TWILIO INC TWILIO.COM CA                     01/13",-90.02,DEBIT_CARD,2862.18,,
DEBIT,01/12/2026,"HIGHLEVEL INC. GOHIGHLEVEL.C TX              01/12",-100.00,DEBIT_CARD,2952.20,,
DEBIT,01/12/2026,"TWILIO INC TWILIO.COM CA                     01/10",-90.05,DEBIT_CARD,3052.20,,
CREDIT,01/12/2026,"ORIG CO NAME:STRIPE                 ORIG ID:4270465600 DESC DATE:       CO ENTRY DESCR:TRANSFER  SEC:CCD    TRACE#:111000025338286 EED:260112   IND ID:ST-E4B5J1H0T5E3              IND NAME:GABRIEL GOERTZEN TRN: 0125338286TC",1639.72,ACH_CREDIT,3142.25,,
DEBIT,01/09/2026,"CLOSEBOT WWW.CLOSEBOT. WA                    01/08",-40.64,DEBIT_CARD,1502.53,,
DEBIT,01/09/2026,"TWILIO INC TWILIO.COM CA                     01/09",-90.01,DEBIT_CARD,1543.17,,
DEBIT,01/08/2026,"Zelle payment to David Rau 27630981115",-12.00,QUICKPAY_DEBIT,1633.18,,
DEBIT,01/08/2026,"Online Transfer 27622125581 to Gabes Personal #####6302 transaction #: 27622125581 01/08",-500.00,ACCT_XFER,1645.18,,
DEBIT,01/08/2026,"OPENAI OPENAI.COM CA                         01/08",-10.00,DEBIT_CARD,2145.18,,
DEBIT,01/08/2026,"TWILIO INC TWILIO.COM CA                     01/08",-90.12,DEBIT_CARD,2155.18,,
DEBIT,01/07/2026,"Online ACH Payment 11202366868 To Isaac (_######6537)",-600.00,ACH_PAYMENT,2245.30,,
DEBIT,01/07/2026,"SLACK T07E9KEFKEH SLACK.COM CA               01/07",-79.02,DEBIT_CARD,2845.30,,
DEBIT,01/07/2026,"M&M HELTON ENTERPRIS HOTPROSPECTOR NV        01/07",-372.75,DEBIT_CARD,2924.32,,
DEBIT,01/07/2026,"TWILIO INC TWILIO.COM CA                     01/06",-90.07,DEBIT_CARD,3297.07,,
DEBIT,01/06/2026,"HIGHLEVEL INC. GOHIGHLEVEL.C TX              01/06",-100.00,DEBIT_CARD,3387.14,,
CREDIT,01/06/2026,"REAL TIME PAYMENT CREDIT RECD FROM ABA/CONTR BNK-121000248  FROM: GABRIEL GOERTZEN/STRIPE PAYMENTS COMPAN REF: ST-HACXSDGAYXYWXOE2V INFO: TEXT-RmtInf-ST-HACXSDGAYXYWXOE2V6NO WAIZMEDIA LLC IID: 20260106121000248P1BPEAS65693003647 RECD: 21:41:38 TRN: 2231922006GB",2543.79,MISC_CREDIT,3487.14,,
DEBIT,01/05/2026,"Zelle payment to David Rau 27585462237",-70.00,QUICKPAY_DEBIT,943.35,,
DEBIT,01/05/2026,"PAYPAL *CANVA 416-131-8870 DE                01/04",-6.72,DEBIT_CARD,1013.35,,
DEBIT,01/05/2026,"Online Realtime Transfer to Gabes Personal  6302 transaction#: 27578008777 reference#: 9578008777RX 01/05",-100.00,ACCT_XFER,1020.07,,
DEBIT,01/02/2026,"ORIG CO NAME:Wise Inc               ORIG ID:9453233521 DESC DATE:260102 CO ENTRY DESCR:WISE      SEC:CCD    TRACE#:021000027034813 EED:260102   IND ID:TrnWise                      IND NAME:Waiz Media                                                                                                   86484886 TRN: 0027034813TC",-481.00,MISC_DEBIT,1120.07,,
DEBIT,01/02/2026,"ORIG CO NAME:Wise Inc               ORIG ID:9453233521 DESC DATE:260102 CO ENTRY DESCR:WISE      SEC:CCD    TRACE#:021000027034829 EED:260102   IND ID:TrnWise                      IND NAME:Waiz Media                                                                                                   86485060 TRN: 0027034829TC",-652.40,MISC_DEBIT,1601.07,,
DEBIT,01/02/2026,"Zelle payment to Simone 27565813780",-1865.00,QUICKPAY_DEBIT,2253.47,,
DEBIT,01/02/2026,"ORIG CO NAME:Wise Inc               ORIG ID:9453233521 DESC DATE:260102 CO ENTRY DESCR:WISE      SEC:CCD    TRACE#:021000026947292 EED:260102   IND ID:TrnWise                      IND NAME:Waiz Media                                                                                                   86479744 TRN: 0026947292TC",-460.00,MISC_DEBIT,4118.47,,
DEBIT,01/02/2026,"ORIG CO NAME:Wise Inc               ORIG ID:9453233521 DESC DATE:260102 CO ENTRY DESCR:WISE      SEC:CCD    TRACE#:021000026947274 EED:260102   IND ID:TrnWise                      IND NAME:Waiz Media                                                                                                   86479607 TRN: 0026947274TC",-541.00,MISC_DEBIT,4578.47,,
DEBIT,01/02/2026,"ORIG CO NAME:Wise Inc               ORIG ID:9453233521 DESC DATE:260102 CO ENTRY DESCR:WISE      SEC:CCD    TRACE#:021000026947256 EED:260102   IND ID:TrnWise                      IND NAME:Waiz Media                                                                                                   86479527 TRN: 0026947256TC",-573.00,MISC_DEBIT,5119.47,,
DEBIT,01/02/2026,"Zelle payment to Walters JPM99c0pczh8",-1003.00,CHASE_TO_PARTNERFI,5692.47,,
DEBIT,01/02/2026,"TWILIO INC TWILIO.COM CA                     01/02",-91.49,DEBIT_CARD,6695.47,,
DEBIT,01/02/2026,"Zelle payment to Simone 27354578696",-43.00,QUICKPAY_DEBIT,6786.96,,
CREDIT,01/02/2026,"ORIG CO NAME:STRIPE                 ORIG ID:4270465600 DESC DATE:       CO ENTRY DESCR:TRANSFER  SEC:CCD    TRACE#:111000026015706 EED:260102   IND ID:ST-J0I4E6V1M9Q2              IND NAME:GABRIEL GOERTZEN TRN: 0026015706TC",485.20,ACH_CREDIT,6829.96,,
DEBIT,12/31/2025,"MONTHLY SERVICE FEE",-15.00,FEE_TRANSACTION,6344.76,,
DEBIT,12/31/2025,"CLOSEBOT WWW.CLOSEBOT. WA                    12/31",-40.40,DEBIT_CARD,6359.76,,
DEBIT,12/31/2025,"TABEXTEND.COM SOLLENTUNA                     12/30",-8.00,DEBIT_CARD,6400.16,,
CREDIT,12/31/2025,"ORIG CO NAME:STRIPE                 ORIG ID:4270465600 DESC DATE:       CO ENTRY DESCR:TRANSFER  SEC:CCD    TRACE#:111000027892869 EED:251231   IND ID:ST-C8I1Z1Z4Z9Z7              IND NAME:GABRIEL GOERTZEN TRN: 3657892869TC",2427.20,ACH_CREDIT,6408.16,,
DEBIT,12/30/2025,"WWW.MAKE.COM WWW.MAKE.COM NY                 12/30",-64.71,DEBIT_CARD,3980.96,,
DEBIT,12/30/2025,"HIGHLEVEL INC. GOHIGHLEVEL.C TX              12/29",-100.00,DEBIT_CARD,4045.67,,
CREDIT,12/30/2025,"ORIG CO NAME:STRIPE                 ORIG ID:4270465600 DESC DATE:       CO ENTRY DESCR:TRANSFER  SEC:CCD    TRACE#:111000023696624 EED:251230   IND ID:ST-T7J8T6G4T8D0              IND NAME:GABRIEL GOERTZEN TRN: 3643696624TC",1250.00,ACH_CREDIT,4145.67,,
DEBIT,12/29/2025,"Online Realtime Transfer to Gabes Personal  6302 transaction#: 27500454006 reference#: 9500454006RX 12/29",-500.00,ACCT_XFER,2895.67,,
DEBIT,12/29/2025,"Zelle payment to Yasmin 27500434904",-210.00,QUICKPAY_DEBIT,3395.67,,
DEBIT,12/29/2025,"ORIG CO NAME:AMERICAN EXPRESS       ORIG ID:9493560001 DESC DATE:251229 CO ENTRY DESCR:ACH PMT   SEC:CCD    TRACE#:021000024714871 EED:251229   IND ID:A0286                        IND NAME:GABRIEL GOERTZEN                                                                                             AM TRN: 3634714871TC",-1312.26,ACH_DEBIT,3605.67,,
DEBIT,12/29/2025,"WWW.MAKE.COM WWW.MAKE.COM NY                 12/28",-10.13,DEBIT_CARD,4917.93,,
DEBIT,12/29/2025,"TWILIO INC TWILIO.COM CA                     12/27",-90.32,DEBIT_CARD,4928.06,,
DEBIT,12/24/2025,"TWILIO INC TWILIO.COM CA                     12/24",-90.23,DEBIT_CARD,5018.38,,
DEBIT,12/23/2025,"WWW.MAKE.COM WWW.MAKE.COM NY                 12/23",-10.13,DEBIT_CARD,5108.61,,
DEBIT,12/23/2025,"M&M HELTON ENTERPRIS HOTPROSPECTOR NV        12/22",-40.00,DEBIT_CARD,5118.74,,
DEBIT,12/22/2025,"HIGHLEVEL INC. GOHIGHLEVEL.C TX              12/21",-100.00,DEBIT_CARD,5158.74,,
DEBIT,12/22/2025,"WEBFLOW.COM WEBFLOW.COM CA                   12/21",-29.00,DEBIT_CARD,5258.74,,
DEBIT,12/22/2025,"WWW.MAKE.COM WWW.MAKE.COM NY                 12/20",-10.13,DEBIT_CARD,5287.74,,
DEBIT,12/22/2025,"TWILIO INC TWILIO.COM CA                     12/21",-90.09,DEBIT_CARD,5297.87,,
DEBIT,12/22/2025,"NOTION LABS, INC. NOTION.SO CA               12/19",-22.00,DEBIT_CARD,5387.96,,
DEBIT,12/22/2025,"TWILIO INC TWILIO.COM CA                     12/20",-90.08,DEBIT_CARD,5409.96,,
DEBIT,12/19/2025,"HIGHLEVEL AGENCY SUB GOHIGHLEVEL.C TX        12/18",-297.00,DEBIT_CARD,5500.04,,
DEBIT,12/19/2025,"WWW.MAKE.COM WWW.MAKE.COM NY                 12/18",-10.13,DEBIT_CARD,5797.04,,
DEBIT,12/19/2025,"TWILIO INC TWILIO.COM CA                     12/18",-90.01,DEBIT_CARD,5807.17,,
DEBIT,12/18/2025,"TWILIO INC TWILIO.COM CA                     12/17",-90.09,DEBIT_CARD,5897.18,,
DEBIT,12/17/2025,"WWW.MAKE.COM WWW.MAKE.COM NY                 12/17",-10.13,DEBIT_CARD,5987.27,,
DEBIT,12/17/2025,"CLOSEBOT WWW.CLOSEBOT. WA                    12/16",-197.00,DEBIT_CARD,5997.40,,
DEBIT,12/16/2025,"Zelle payment to Simone 27354593313",-253.00,QUICKPAY_DEBIT,6194.40,,
DEBIT,12/16/2025,"HIGHLEVEL INC. GOHIGHLEVEL.C TX              12/16",-100.00,DEBIT_CARD,6447.40,,
DEBIT,12/16/2025,"WWW.MAKE.COM WWW.MAKE.COM NY                 12/16",-10.10,DEBIT_CARD,6547.40,,
DEBIT,12/16/2025,"TWILIO INC TWILIO.COM CA                     12/16",-90.01,DEBIT_CARD,6557.50,,
DEBIT,12/15/2025,"WWW.MAKE.COM WWW.MAKE.COM NY                 12/14",-10.10,DEBIT_CARD,6647.51,,
DEBIT,12/15/2025,"CLOSEBOT WWW.CLOSEBOT. WA                    12/14",-40.08,DEBIT_CARD,6657.61,,
DEBIT,12/15/2025,"TWILIO INC TWILIO.COM CA                     12/13",-90.03,DEBIT_CARD,6697.69,,
CREDIT,12/15/2025,"ORIG CO NAME:STRIPE                 ORIG ID:1800948598 DESC DATE:       CO ENTRY DESCR:TRANSFER  SEC:CCD    TRACE#:091000018307543 EED:251215   IND ID:ST-W9U7Q1V7O8C9              IND NAME:GABRIEL GOERTZEN TRN: 3498307543TC",1096.93,ACH_CREDIT,6787.72,,
DEBIT,12/12/2025,"WWW.MAKE.COM WWW.MAKE.COM NY                 12/12",-10.10,DEBIT_CARD,5690.79,,
DEBIT,12/12/2025,"TWILIO INC TWILIO.COM CA                     12/12",-90.05,DEBIT_CARD,5700.89,,
DEBIT,12/11/2025,"TWILIO INC TWILIO.COM CA                     12/10",-90.02,DEBIT_CARD,5790.94,,
DEBIT,12/10/2025,"Online Realtime Transfer to Gabes Personal  6302 transaction#: 27278570156 reference#: 9278570156RX 12/10",-1000.00,ACCT_XFER,5880.96,,
DEBIT,12/10/2025,"HIGHLEVEL INC. GOHIGHLEVEL.C TX              12/10",-100.00,DEBIT_CARD,6880.96,,
DEBIT,12/10/2025,"TWILIO INC TWILIO.COM CA                     12/09",-91.88,DEBIT_CARD,6980.96,,
CREDIT,12/10/2025,"REAL TIME PAYMENT CREDIT RECD FROM ABA/CONTR BNK-121000248  FROM: GABRIEL GOERTZEN/STRIPE PAYMENTS COMPAN REF: ST-OPKCTUSE25ZABLT9H INFO: TEXT-RmtInf-ST-OPKCTUSE25ZABLT9HFEP WAIZMEDIA LLC IID: 20251210121000248P1BPFAS64914741674 RECD: 01:09:43 TRN: 2623882343GB",2764.13,MISC_CREDIT,7072.84,,
DEBIT,12/08/2025,"ONLINE DOMESTIC WIRE FEE",-25.00,FEE_TRANSACTION,4308.71,,
DEBIT,12/08/2025,"ONLINE DOMESTIC WIRE TRANSFER VIA: COMMUNITY FSB/026073150 A/C: ISAQUE BORGES PAULINO SILVA NEW YORK NY 10016 US IMAD: 1208MMQFMP2L011464 TRN: 3243305342ES 12/08",-1500.00,WIRE_OUTGOING,4333.71,,
DEBIT,12/08/2025,"CLOSEBOT WWW.CLOSEBOT. WA                    12/07",-40.16,DEBIT_CARD,5833.71,,
DEBIT,12/08/2025,"SLACK T07E9KEFKEH SLACK.COM CA               12/07",-121.62,DEBIT_CARD,5873.87,,
DEBIT,12/08/2025,"Zelle payment to Josh UK JPM99bxg9qgy",-30.00,CHASE_TO_PARTNERFI,5995.49,,
DEBIT,12/08/2025,"M&M HELTON ENTERPRIS HOTPROSPECTOR NV        12/07",-372.75,DEBIT_CARD,6025.49,,
DEBIT,12/08/2025,"TWILIO INC TWILIO.COM CA                     12/06",-90.05,DEBIT_CARD,6398.24,,
CREDIT,12/08/2025,"REAL TIME PAYMENT CREDIT RECD FROM ABA/CONTR BNK-121000248  FROM: GABRIEL GOERTZEN/STRIPE PAYMENTS COMPAN REF: ST-9NKNCY5RQ30JPQ3AD INFO: TEXT-RmtInf-ST-9NKNCY5RQ30JPQ3ADIIS WAIZMEDIA LLC IID: 20251206121000248P1BPEAS64914889751 RECD: 19:29:21 TRN: 1786402340GD",1711.81,MISC_CREDIT,6488.29,,
CREDIT,12/08/2025,"REAL TIME PAYMENT CREDIT RECD FROM ABA/CONTR BNK-121000248  FROM: GABRIEL GOERTZEN/STRIPE PAYMENTS COMPAN REF: ST-HCUGJQMREZIMSMOVD INFO: TEXT-RmtInf-ST-HCUGJQMREZIMSMOVDO0X WAIZMEDIA LLC IID: 20251208121000248P1BPIAS64914814538 RECD: 19:58:11 TRN: 1896202342GB",4333.33,MISC_CREDIT,4776.48,,
DEBIT,12/05/2025,"ORIG CO NAME:Wise Inc               ORIG ID:9453233521 DESC DATE:251205 CO ENTRY DESCR:WISE      SEC:CCD    TRACE#:021000023291801 EED:251205   IND ID:TrnWise                      IND NAME:Waiz Media                                                                                                   84648671 TRN: 3393291801TC",-2850.00,MISC_DEBIT,443.15,,
DEBIT,12/05/2025,"ORIG CO NAME:Wise Inc               ORIG ID:9453233521 DESC DATE:251205 CO ENTRY DESCR:WISE      SEC:CCD    TRACE#:021000020928899 EED:251205   IND ID:TrnWise                      IND NAME:Waiz Media                                                                                                   84641206 TRN: 3390928899TC",-1903.23,MISC_DEBIT,3293.15,,
DEBIT,12/05/2025,"PAYPAL *CANVA 416-131-8870 DE                12/04",-6.87,DEBIT_CARD,5196.38,,
DEBIT,12/05/2025,"TWILIO INC TWILIO.COM CA                     12/04",-90.71,DEBIT_CARD,5203.25,,
CREDIT,12/05/2025,"ORIG CO NAME:STRIPE                 ORIG ID:1800948598 DESC DATE:       CO ENTRY DESCR:TRANSFER  SEC:CCD    TRACE#:091000013542165 EED:251205   IND ID:ST-C2P6Y1N0R0Q1              IND NAME:GABRIEL GOERTZEN TRN: 3393542165TC",1164.90,ACH_CREDIT,5293.96,,
DEBIT,12/04/2025,"HIGHLEVEL INC. GOHIGHLEVEL.C TX              12/03",-100.00,DEBIT_CARD,4129.06,,
DEBIT,12/03/2025,"Online Realtime Transfer to Gabes Personal  6302 transaction#: 27189886652 reference#: 9189886652RX 12/03",-200.00,ACCT_XFER,4229.06,,
DEBIT,12/03/2025,"TWILIO INC TWILIO.COM CA                     12/03",-90.03,DEBIT_CARD,4429.06,,
CREDIT,12/03/2025,"WIRE REVERSAL B/O: WISE US, INC. NEW YORK NY 10010- US ORG:/205756130 WISE US, INC. REF:/BNF/OUR REF JPM251203-011380 RTN DTD12/02/2025 TRN3801745336ESFOR A M T4000.00 AS SENDER NOT RECOGNIZE D 1620396700 TRN: 5272900337HH",4000.00,WIRE_INCOMING,4519.09,,
DEBIT,12/02/2025,"ONLINE DOMESTIC WIRE FEE",-25.00,FEE_TRANSACTION,519.09,,
DEBIT,12/02/2025,"ONLINE DOMESTIC WIRE TRANSFER A/C: WISE US, INC. NEW YORK NY 10010- US TRN: 3801745336ES 12/02",-4000.00,WIRE_OUTGOING,544.09,,
DEBIT,12/02/2025,"CLOSEBOT WWW.CLOSEBOT. WA                    12/01",-40.72,DEBIT_CARD,4544.09,,
CREDIT,12/02/2025,"ORIG CO NAME:STRIPE                 ORIG ID:1800948598 DESC DATE:       CO ENTRY DESCR:TRANSFER  SEC:CCD    TRACE#:091000018946965 EED:251202   IND ID:ST-I0W5W3H9R2K6              IND NAME:GABRIEL GOERTZEN TRN: 3368946965TC",1456.20,ACH_CREDIT,4584.81,,
DEBIT,12/01/2025,"Zelle payment to Adam LA P JPM99bworbho",-210.00,CHASE_TO_PARTNERFI,3128.61,,
DEBIT,12/01/2025,"TABEXTEND.COM SOLLENTUNA                     11/30",-8.00,DEBIT_CARD,3338.61,,
DEBIT,12/01/2025,"WWW.MAKE.COM WWW.MAKE.COM NY                 11/30",-64.71,DEBIT_CARD,3346.61,,
DEBIT,12/01/2025,"TWILIO INC TWILIO.COM CA                     12/01",-90.01,DEBIT_CARD,3411.32,,
DEBIT,12/01/2025,"WWW.MAKE.COM WWW.MAKE.COM NY                 11/29",-10.10,DEBIT_CARD,3501.33,,
DEBIT,12/01/2025,"WWW.MAKE.COM WWW.MAKE.COM NY                 11/28",-4.04,DEBIT_CARD,3511.43,,
DEBIT,12/01/2025,"TWILIO INC TWILIO.COM CA                     11/28",-90.01,DEBIT_CARD,3515.47,,
DEBIT,11/28/2025,"MONTHLY SERVICE FEE",-15.00,FEE_TRANSACTION,3605.48,,
DEBIT,11/28/2025,"ORIG CO NAME:AMERICAN EXPRESS       ORIG ID:9493560001 DESC DATE:251128 CO ENTRY DESCR:ACH PMT   SEC:CCD    TRACE#:021000027719745 EED:251128   IND ID:A8814                        IND NAME:GABRIEL GOERTZEN                                                                                             AM TRN: 3327719745TC",-1726.80,ACH_DEBIT,3620.48,,
DEBIT,11/28/2025,"HIGHLEVEL INC. GOHIGHLEVEL.C TX              11/27",-100.00,DEBIT_CARD,5347.28,,
DEBIT,11/28/2025,"WWW.MAKE.COM WWW.MAKE.COM NY                 11/26",-10.10,DEBIT_CARD,5447.28,,
DEBIT,11/28/2025,"TWILIO INC TWILIO.COM CA                     11/27",-90.05,DEBIT_CARD,5457.38,,
CREDIT,11/28/2025,"ORIG CO NAME:STRIPE                 ORIG ID:4270465600 DESC DATE:       CO ENTRY DESCR:TRANSFER  SEC:CCD    TRACE#:111000023274790 EED:251128   IND ID:ST-O6N2K8G0W2Z9              IND NAME:GABRIEL GOERTZEN TRN: 3323274790TC",2427.20,ACH_CREDIT,5547.43,,
DEBIT,11/26/2025,"Zelle payment to Travis Bro 27107774444",-100.00,QUICKPAY_DEBIT,3120.23,,
DEBIT,11/26/2025,"CLOSEBOT WWW.CLOSEBOT. WA                    11/25",-40.16,DEBIT_CARD,3220.23,,
DEBIT,11/26/2025,"WWW.MAKE.COM WWW.MAKE.COM NY                 11/25",-10.10,DEBIT_CARD,3260.39,,
DEBIT,11/26/2025,"TWILIO INC TWILIO.COM CA                     11/25",-90.45,DEBIT_CARD,3270.49,,
CREDIT,11/26/2025,"ORIG CO NAME:STRIPE                 ORIG ID:4270465600 DESC DATE:       CO ENTRY DESCR:TRANSFER  SEC:CCD    TRACE#:111000028885038 EED:251126   IND ID:ST-O9Q8M2X0M4H1              IND NAME:GABRIEL GOERTZEN TRN: 3308885038TC",1650.40,ACH_CREDIT,3360.94,,
DEBIT,11/25/2025,"Zelle payment to Matt Soryal JPM99bvxj86b",-170.00,CHASE_TO_PARTNERFI,1710.54,,
DEBIT,11/25/2025,"WWW.MAKE.COM WWW.MAKE.COM NY                 11/24",-10.10,DEBIT_CARD,1880.54,,
DEBIT,11/25/2025,"M&M HELTON ENTERPRIS HOTPROSPECTOR NV        11/24",-40.00,DEBIT_CARD,1890.64,,
DEBIT,11/24/2025,"WWW.MAKE.COM WWW.MAKE.COM NY                 11/21",-10.10,DEBIT_CARD,1930.64,,
DEBIT,11/24/2025,"TWILIO INC TWILIO.COM CA                     11/23",-90.06,DEBIT_CARD,1940.74,,
DEBIT,11/24/2025,"HIGHLEVEL INC. GOHIGHLEVEL.C TX              11/21",-100.00,DEBIT_CARD,2030.80,,
DEBIT,11/24/2025,"TWILIO INC TWILIO.COM CA                     11/21",-90.03,DEBIT_CARD,2130.80,,
DEBIT,11/21/2025,"WEBFLOW.COM WEBFLOW.COM CA                   11/21",-29.00,DEBIT_CARD,2220.83,,
CREDIT,11/21/2025,"ORIG CO NAME:STRIPE                 ORIG ID:4270465600 DESC DATE:       CO ENTRY DESCR:TRANSFER  SEC:CCD    TRACE#:111000029473463 EED:251121   IND ID:ST-N8K4Z3I1C3P8              IND NAME:GABRIEL GOERTZEN TRN: 3259473463TC",956.70,ACH_CREDIT,2249.83,,
DEBIT,11/20/2025,"WWW.MAKE.COM WWW.MAKE.COM NY                 11/20",-10.10,DEBIT_CARD,1293.13,,
DEBIT,11/20/2025,"NOTION LABS, INC. NOTION.SO CA               11/19",-22.00,DEBIT_CARD,1303.23,,
DEBIT,11/20/2025,"TWILIO INC TWILIO.COM CA                     11/20",-90.02,DEBIT_CARD,1325.23,,
DEBIT,11/19/2025,"HIGHLEVEL AGENCY SUB GOHIGHLEVEL.C TX        11/18",-297.00,DEBIT_CARD,1415.25,,
DEBIT,11/19/2025,"WWW.MAKE.COM WWW.MAKE.COM NY                 11/18",-10.10,DEBIT_CARD,1712.25,,
DEBIT,11/19/2025,"TWILIO INC TWILIO.COM CA                     11/18",-90.32,DEBIT_CARD,1722.35,,
DEBIT,11/18/2025,"Online Realtime Transfer to Gabes Personal  6302 transaction#: 27002500249 reference#: 9002500249RX 11/18",-400.00,ACCT_XFER,1812.67,,
CREDIT,11/18/2025,"ORIG CO NAME:STRIPE                 ORIG ID:4270465600 DESC DATE:       CO ENTRY DESCR:TRANSFER  SEC:CCD    TRACE#:111000022529252 EED:251118   IND ID:ST-H3F0M0C2X0C2              IND NAME:GABRIEL GOERTZEN TRN: 3222529252TC",1417.36,ACH_CREDIT,2212.67,,
DEBIT,11/17/2025,"WWW.MAKE.COM WWW.MAKE.COM NY                 11/17",-10.10,DEBIT_CARD,795.31,,
DEBIT,11/17/2025,"HIGHLEVEL INC. GOHIGHLEVEL.C TX              11/17",-100.00,DEBIT_CARD,805.41,,
DEBIT,11/17/2025,"CLOSEBOT WWW.CLOSEBOT. WA                    11/16",-197.00,DEBIT_CARD,905.41,,
DEBIT,11/17/2025,"CLOSEBOT WWW.CLOSEBOT. WA                    11/16",-40.96,DEBIT_CARD,1102.41,,
DEBIT,11/17/2025,"Online Realtime Transfer to Gabes Personal  6302 transaction#: 26978542433 reference#: 9978542433RX 11/17",-1200.00,ACCT_XFER,1143.37,,
DEBIT,11/17/2025,"WWW.MAKE.COM WWW.MAKE.COM NY                 11/15",-10.10,DEBIT_CARD,2343.37,,
DEBIT,11/17/2025,"TWILIO INC TWILIO.COM CA                     11/16",-90.09,DEBIT_CARD,2353.47,,
DEBIT,11/14/2025,"TWILIO INC TWILIO.COM CA                     11/14",-98.55,DEBIT_CARD,2443.56,,
DEBIT,11/13/2025,"CLOSEBOT WWW.CLOSEBOT. WA                    11/12",-41.20,DEBIT_CARD,2542.11,,
DEBIT,11/13/2025,"TWILIO INC TWILIO.COM CA                     11/12",-90.01,DEBIT_CARD,2583.31,,
DEBIT,11/12/2025,"Online Realtime Transfer to Gabes Personal  6302 transaction#: 26935115861 reference#: 9935115861RX 11/12",-1000.00,ACCT_XFER,2673.32,,
DEBIT,11/12/2025,"ORIG CO NAME:Wise Inc               ORIG ID:9453233521 DESC DATE:251112 CO ENTRY DESCR:WISE      SEC:CCD    TRACE#:021000026744327 EED:251112   IND ID:TrnWise                      IND NAME:Waiz Media                                                                                                   83047060 TRN: 3166744327TC",-373.00,MISC_DEBIT,3673.32,,
DEBIT,11/12/2025,"ORIG CO NAME:Wise Inc               ORIG ID:9453233521 DESC DATE:251112 CO ENTRY DESCR:WISE      SEC:CCD    TRACE#:021000026743905 EED:251112   IND ID:TrnWise                      IND NAME:Waiz Media                                                                                                   83043144 TRN: 3166743905TC",-1509.00,MISC_DEBIT,4046.32,,
DEBIT,11/12/2025,"HIGHLEVEL INC. GOHIGHLEVEL.C TX              11/12",-100.00,DEBIT_CARD,5555.32,,
CREDIT,11/12/2025,"ORIG CO NAME:STRIPE                 ORIG ID:4270465600 DESC DATE:       CO ENTRY DESCR:TRANSFER  SEC:CCD    TRACE#:111000026725208 EED:251112   IND ID:ST-S5M1A7U2H2T7              IND NAME:GABRIEL GOERTZEN TRN: 3166725208TC",2116.48,ACH_CREDIT,5655.32,,
DEBIT,11/10/2025,"TWILIO INC TWILIO.COM CA                     11/10",-90.02,DEBIT_CARD,3538.84,,
DEBIT,11/10/2025,"TWILIO INC TWILIO.COM CA                     11/07",-90.54,DEBIT_CARD,3628.86,,
DEBIT,11/07/2025,"SLACK T07E9KEFKEH SLACK.COM CA               11/07",-70.00,DEBIT_CARD,3719.40,,
DEBIT,11/07/2025,"M&M HELTON ENTERPRIS HOTPROSPECTOR NV        11/07",-372.75,DEBIT_CARD,3789.40,,
DEBIT,11/07/2025,"CLOSEBOT WWW.CLOSEBOT. WA                    11/07",-40.16,DEBIT_CARD,4162.15,,
DEBIT,11/07/2025,"HIGHLEVEL INC. GOHIGHLEVEL.C TX              11/06",-100.00,DEBIT_CARD,4202.31,,
DEBIT,11/06/2025,"ORIG CO NAME:Wise Inc               ORIG ID:9453233521 DESC DATE:251106 CO ENTRY DESCR:WISE      SEC:CCD    TRACE#:021000024592435 EED:251106   IND ID:TrnWise                      IND NAME:Waiz Media                                                                                                   82746154 TRN: 3104592435TC",-1502.55,MISC_DEBIT,4302.31,,
DEBIT,11/06/2025,"TWILIO INC TWILIO.COM CA                     11/05",-90.06,DEBIT_CARD,5804.86,,
CREDIT,11/06/2025,"ORIG CO NAME:STRIPE                 ORIG ID:4270465600 DESC DATE:       CO ENTRY DESCR:TRANSFER  SEC:CCD    TRACE#:111000026119060 EED:251106   IND ID:ST-U9X6K8Z4J2W1              IND NAME:GABRIEL GOERTZEN TRN: 3106119060TC",2380.07,ACH_CREDIT,5894.92,,
DEBIT,11/05/2025,"ORIG CO NAME:Wise Inc               ORIG ID:9453233521 DESC DATE:251105 CO ENTRY DESCR:WISE      SEC:CCD    TRACE#:021000024192325 EED:251105   IND ID:TrnWise                      IND NAME:Waiz Media                                                                                                   82711008 TRN: 3094192325TC",-1850.00,MISC_DEBIT,3514.85,,
DEBIT,11/05/2025,"PAYPAL *CANVA 416-131-8870 DE                11/04",-6.81,DEBIT_CARD,5364.85,,
CREDIT,11/04/2025,"ORIG CO NAME:STRIPE                 ORIG ID:4270465600 DESC DATE:       CO ENTRY DESCR:TRANSFER  SEC:CCD    TRACE#:111000029002118 EED:251104   IND ID:ST-V5X3K6K7N2K4              IND NAME:GABRIEL GOERTZEN TRN: 3089002118TC",3960.29,ACH_CREDIT,5371.66,,
DEBIT,11/03/2025,"HIGHLEVEL INC. GOHIGHLEVEL.C TX              11/03",-100.00,DEBIT_CARD,1411.37,,
DEBIT,11/03/2025,"Online Realtime Transfer to Gabes Personal  6302 transaction#: 26820446842 reference#: 9820446842RX 11/03",-500.00,ACCT_XFER,1511.37,,
DEBIT,11/03/2025,"TWILIO INC TWILIO.COM CA                     11/01",-90.05,DEBIT_CARD,2011.37,,
DEBIT,11/03/2025,"CLOSEBOT WWW.CLOSEBOT. WA                    10/31",-40.08,DEBIT_CARD,2101.42,,
DEBIT,10/31/2025,"MONTHLY SERVICE FEE",-15.00,FEE_TRANSACTION,2141.50,,
DEBIT,10/31/2025,"TABEXTEND.COM SOLLENTUNA                     10/30",-8.00,DEBIT_CARD,2156.50,,
DEBIT,10/31/2025,"TWILIO INC TWILIO.COM CA                     10/30",-90.06,DEBIT_CARD,2164.50,,
DEBIT,10/30/2025,"Online Realtime Transfer to Gabes Personal  6302 transaction#: 26770841683 reference#: 9770841683RX 10/30",-1500.00,ACCT_XFER,2254.56,,
DEBIT,10/30/2025,"WWW.MAKE.COM WWW.MAKE.COM NY                 10/30",-64.71,DEBIT_CARD,3754.56,,
DEBIT,10/30/2025,"SQSP* DOMAIN#2073039 SQUARESPACE.C NY        10/30",-18.00,DEBIT_CARD,3819.27,,
DEBIT,10/30/2025,"TWILIO INC TWILIO.COM CA                     10/29",-90.01,DEBIT_CARD,3837.27,,
CREDIT,10/30/2025,"ORIG CO NAME:STRIPE                 ORIG ID:4270465600 DESC DATE:       CO ENTRY DESCR:TRANSFER  SEC:CCD    TRACE#:111000023701858 EED:251030   IND ID:ST-S4D5M5E8Y3Z3              IND NAME:GABRIEL GOERTZEN TRN: 3033701858TC",3989.54,ACH_CREDIT,3927.28,,
DEBIT,10/29/2025,"WWW.MAKE.COM WWW.MAKE.COM NY                 10/28",-8.10,DEBIT_CARD,-62.26,,
DEBIT,10/29/2025,"HIGHLEVEL INC. GOHIGHLEVEL.C TX              10/28",-100.00,DEBIT_CARD,-54.16,,
DEBIT,10/28/2025,"ORIG CO NAME:AMERICAN EXPRESS       ORIG ID:9493560001 DESC DATE:251028 CO ENTRY DESCR:ACH PMT   SEC:CCD    TRACE#:021000021919763 EED:251028   IND ID:A6510                        IND NAME:GABRIEL GOERTZEN                                                                                             AM TRN: 3011919763TC",-990.61,ACH_DEBIT,45.84,,
DEBIT,10/28/2025,"WWW.MAKE.COM WWW.MAKE.COM NY                 10/27",-10.50,DEBIT_CARD,1036.45,,
DEBIT,10/28/2025,"ADSPY LONDON                                 10/27",-149.00,DEBIT_CARD,1046.95,,
DEBIT,10/27/2025,"Online Realtime Transfer to Gabes Personal  6302 transaction#: 26712257590 reference#: 9712257590RX 10/27",-500.00,ACCT_XFER,1195.95,,
DEBIT,10/27/2025,"WWW.MAKE.COM WWW.MAKE.COM NY                 10/24",-10.50,DEBIT_CARD,1695.95,,
DEBIT,10/27/2025,"TWILIO INC TWILIO.COM CA                     10/25",-90.12,DEBIT_CARD,1706.45,,
DEBIT,10/27/2025,"CLOSEBOT WWW.CLOSEBOT. WA                    10/24",-40.08,DEBIT_CARD,1796.57,,
DEBIT,10/27/2025,"TWILIO INC TWILIO.COM CA                     10/24",-90.06,DEBIT_CARD,1836.65,,
DEBIT,10/24/2025,"Zelle payment to David Rau 26710662880",-1000.00,QUICKPAY_DEBIT,1926.71,,
DEBIT,10/24/2025,"HIGHLEVEL INC. GOHIGHLEVEL.C TX              10/24",-100.00,DEBIT_CARD,2926.71,,
DEBIT,10/23/2025,"WWW.MAKE.COM WWW.MAKE.COM NY                 10/23",-10.50,DEBIT_CARD,3026.71,,
DEBIT,10/23/2025,"TWILIO INC TWILIO.COM CA                     10/22",-91.10,DEBIT_CARD,3037.21,,
CREDIT,10/23/2025,"ORIG CO NAME:STRIPE                 ORIG ID:4270465600 DESC DATE:       CO ENTRY DESCR:TRANSFER  SEC:CCD    TRACE#:111000026500958 EED:251023   IND ID:ST-G6E9U2V5C4K8              IND NAME:GABRIEL GOERTZEN TRN: 2966500958TC",485.20,ACH_CREDIT,3128.31,,
DEBIT,10/22/2025,"WWW.MAKE.COM WWW.MAKE.COM NY                 10/21",-10.50,DEBIT_CARD,2643.11,,
DEBIT,10/22/2025,"M&M HELTON ENTERPRIS HOTPROSPECTOR NV        10/21",-40.00,DEBIT_CARD,2653.61,,
DEBIT,10/21/2025,"WEBFLOW.COM WEBFLOW.COM CA                   10/21",-29.00,DEBIT_CARD,2693.61,,
DEBIT,10/21/2025,"HIGHLEVEL INC. GOHIGHLEVEL.C TX              10/20",-100.00,DEBIT_CARD,2722.61,,
DEBIT,10/21/2025,"Claim reversal: FANBASIS* STEAL MY AG FANBASIS.COM FL        04/08 ClaimId: 875111007680001",-500.00,ATM,2822.61,,
DEBIT,10/20/2025,"WWW.MAKE.COM WWW.MAKE.COM NY                 10/20",-10.50,DEBIT_CARD,3322.61,,
DEBIT,10/20/2025,"NOTION LABS, INC. NOTION.SO CA               10/19",-22.00,DEBIT_CARD,3333.11,,
DEBIT,10/20/2025,"HIGHLEVEL AGENCY SUB GOHIGHLEVEL.C TX        10/18",-297.00,DEBIT_CARD,3355.11,,
DEBIT,10/20/2025,"TWILIO INC TWILIO.COM CA                     10/19",-90.01,DEBIT_CARD,3652.11,,
DEBIT,10/20/2025,"WWW.MAKE.COM WWW.MAKE.COM NY                 10/17",-10.50,DEBIT_CARD,3742.12,,
DEBIT,10/20/2025,"TWILIO INC TWILIO.COM CA                     10/17",-90.12,DEBIT_CARD,3752.62,,
DEBIT,10/17/2025,"CLOSEBOT WWW.CLOSEBOT. WA                    10/16",-181.89,DEBIT_CARD,3842.74,,
DEBIT,10/17/2025,"PAYPAL *CANVA 416-131-8870 DE                10/17",-6.70,DEBIT_CARD,4024.63,,
DEBIT,10/17/2025,"TWILIO INC TWILIO.COM CA                     10/16",-90.09,DEBIT_CARD,4031.33,,
DEBIT,10/16/2025,"WWW.MAKE.COM WWW.MAKE.COM NY                 10/16",-10.50,DEBIT_CARD,4121.42,,
DEBIT,10/15/2025,"HIGHLEVEL INC. GOHIGHLEVEL.C TX              10/15",-100.00,DEBIT_CARD,4131.92,,
DEBIT,10/15/2025,"WWW.MAKE.COM WWW.MAKE.COM NY                 10/14",-10.50,DEBIT_CARD,4231.92,,
DEBIT,10/15/2025,"TWILIO INC TWILIO.COM CA                     10/14",-90.18,DEBIT_CARD,4242.42,,
CREDIT,10/15/2025,"ORIG CO NAME:STRIPE                 ORIG ID:4270465600 DESC DATE:       CO ENTRY DESCR:TRANSFER  SEC:CCD    TRACE#:111000028671291 EED:251015   IND ID:ST-T3L8M0D1I9U6              IND NAME:GABRIEL GOERTZEN TRN: 2888671291TC",3864.28,ACH_CREDIT,4332.60,,
DEBIT,10/14/2025,"ORIG CO NAME:Wise Inc               ORIG ID:9453233521 DESC DATE:251014 CO ENTRY DESCR:WISE      SEC:CCD    TRACE#:021000027969053 EED:251014   IND ID:TrnWise                      IND NAME:Waiz Media                                                                                                   81273806 TRN: 2877969053TC",-1506.00,MISC_DEBIT,468.32,,
DEBIT,10/14/2025,"CLOSEBOT WWW.CLOSEBOT. WA                    10/11",-40.08,DEBIT_CARD,1974.32,,
DEBIT,10/14/2025,"FACEBK *XCLJ34RMV2 650-5434800 CA            10/11",-19.49,DEBIT_CARD,2014.40,,
DEBIT,10/14/2025,"TWILIO INC TWILIO.COM CA                     10/11",-90.29,DEBIT_CARD,2033.89,,
DEBIT,10/10/2025,"TWILIO INC TWILIO.COM CA                     10/09",-90.00,DEBIT_CARD,2124.18,,
CREDIT,10/10/2025,"ORIG CO NAME:STRIPE                 ORIG ID:4270465600 DESC DATE:       CO ENTRY DESCR:TRANSFER  SEC:CCD    TRACE#:111000028774374 EED:251010   IND ID:ST-Z7B9Q6E3L9T4              IND NAME:GABRIEL GOERTZEN TRN: 2838774374TC",805.14,ACH_CREDIT,2214.18,,
DEBIT,10/09/2025,"HIGHLEVEL INC. GOHIGHLEVEL.C TX              10/08",-100.00,DEBIT_CARD,1409.04,,
CREDIT,10/09/2025,"ORIG CO NAME:STRIPE                 ORIG ID:4270465600 DESC DATE:       CO ENTRY DESCR:TRANSFER  SEC:CCD    TRACE#:111000026120010 EED:251009   IND ID:ST-Y5Z0Q5K6Y7L0              IND NAME:GABRIEL GOERTZEN TRN: 2826120010TC",798.83,ACH_CREDIT,1509.04,,
DEBIT,10/08/2025,"TWILIO INC TWILIO.COM CA                     10/07",-90.03,DEBIT_CARD,710.21,,
DEBIT,10/07/2025,"ORIG CO NAME:Wise Inc               ORIG ID:9453233521 DESC DATE:251007 CO ENTRY DESCR:WISE      SEC:CCD    TRACE#:021000020894717 EED:251007   IND ID:TrnWise                      IND NAME:Waiz Media                                                                                                   80857375 TRN: 2800894717TC",-236.00,MISC_DEBIT,800.24,,
DEBIT,10/07/2025,"ORIG CO NAME:Wise Inc               ORIG ID:9453233521 DESC DATE:251007 CO ENTRY DESCR:WISE      SEC:CCD    TRACE#:021000020894939 EED:251007   IND ID:TrnWise                      IND NAME:Waiz Media                                                                                                   80860632 TRN: 2800894939TC",-342.00,MISC_DEBIT,1036.24,,
DEBIT,10/07/2025,"ORIG CO NAME:Wise Inc               ORIG ID:9453233521 DESC DATE:251007 CO ENTRY DESCR:WISE      SEC:CCD    TRACE#:021000020894711 EED:251007   IND ID:TrnWise                      IND NAME:Waiz Media                                                                                                   80857342 TRN: 2800894711TC",-342.00,MISC_DEBIT,1378.24,,
DEBIT,10/07/2025,"ORIG CO NAME:Wise Inc               ORIG ID:9453233521 DESC DATE:251007 CO ENTRY DESCR:WISE      SEC:CCD    TRACE#:021000020894947 EED:251007   IND ID:TrnWise                      IND NAME:Waiz Media                                                                                                   80860743 TRN: 2800894947TC",-376.10,MISC_DEBIT,1720.24,,
DEBIT,10/07/2025,"SLACK T07E9KEFKEH SLACK.COM CA               10/07",-85.76,DEBIT_CARD,2096.34,,
DEBIT,10/07/2025,"M&M HELTON ENTERPRIS HOTPROSPECTOR NV        10/07",-372.75,DEBIT_CARD,2182.10,,
DEBIT,10/06/2025,"CLOSEBOT WWW.CLOSEBOT. WA                    10/06",-40.16,DEBIT_CARD,2554.85,,
DEBIT,10/06/2025,"HIGHLEVEL INC. GOHIGHLEVEL.C TX              10/04",-100.00,DEBIT_CARD,2595.01,,
DEBIT,10/06/2025,"TWILIO INC TWILIO.COM CA                     10/04",-90.07,DEBIT_CARD,2695.01,,
DEBIT,10/06/2025,"Claim reversal: FANBASIS* STEAL MY AG FANBASIS.COM FL        05/08 ClaimId: 655110875660001",-500.00,ATM,2785.08,,
DEBIT,10/03/2025,"ORIG CO NAME:Wise Inc               ORIG ID:9453233521 DESC DATE:251003 CO ENTRY DESCR:WISE      SEC:CCD    TRACE#:021000028080241 EED:251003   IND ID:TrnWise                      IND NAME:Waiz Media                                                                                                   80633615 TRN: 2768080241TC",-95.00,MISC_DEBIT,3285.08,,
DEBIT,10/03/2025,"ORIG CO NAME:Wise Inc               ORIG ID:9453233521 DESC DATE:251003 CO ENTRY DESCR:WISE      SEC:CCD    TRACE#:021000028080331 EED:251003   IND ID:TrnWise                      IND NAME:Waiz Media                                                                                                   80634983 TRN: 2768080331TC",-115.00,MISC_DEBIT,3380.08,,
DEBIT,10/03/2025,"ORIG CO NAME:Wise Inc               ORIG ID:9453233521 DESC DATE:251003 CO ENTRY DESCR:WISE      SEC:CCD    TRACE#:021000028080201 EED:251003   IND ID:TrnWise                      IND NAME:Waiz Media                                                                                                   80633247 TRN: 2768080201TC",-730.00,MISC_DEBIT,3495.08,,
DEBIT,10/03/2025,"ORIG CO NAME:Wise Inc               ORIG ID:9453233521 DESC DATE:251003 CO ENTRY DESCR:WISE      SEC:CCD    TRACE#:021000028080169 EED:251003   IND ID:TrnWise                      IND NAME:Waiz Media                                                                                                   80633009 TRN: 2768080169TC",-906.00,MISC_DEBIT,4225.08,,
DEBIT,10/03/2025,"ORIG CO NAME:Wise Inc               ORIG ID:9453233521 DESC DATE:251003 CO ENTRY DESCR:WISE      SEC:CCD    TRACE#:021000028080357 EED:251003   IND ID:TrnWise                      IND NAME:Waiz Media                                                                                                   80635156 TRN: 2768080357TC",-1576.00,MISC_DEBIT,5131.08,,
DEBIT,10/03/2025,"KAZUNORI MID-WILSHIRE LOS ANGELES CA         10/02",-84.02,DEBIT_CARD,6707.08,,
DEBIT,10/03/2025,"TWILIO INC TWILIO.COM CA                     10/03",-90.10,DEBIT_CARD,6791.10,,
DEBIT,10/02/2025,"CLOSEBOT WWW.CLOSEBOT. WA                    10/02",-41.44,DEBIT_CARD,6881.20,,
DEBIT,10/02/2025,"TWILIO INC TWILIO.COM CA                     10/02",-90.13,DEBIT_CARD,6922.64,,
DEBIT,10/01/2025,"M&M HELTON ENTERPRIS HOTPROSPECTOR NV        09/30",-40.00,DEBIT_CARD,7012.77,,
DEBIT,09/30/2025,"HIGHLEVEL INC. GOHIGHLEVEL.C TX              09/30",-100.00,DEBIT_CARD,7052.77,,
DEBIT,09/30/2025,"WWW.MAKE.COM WWW.MAKE.COM NY                 09/30",-64.71,DEBIT_CARD,7152.77,,
DEBIT,09/30/2025,"Zelle payment to Bree 26401143921",-44.53,QUICKPAY_DEBIT,7217.48,,
DEBIT,09/30/2025,"TWILIO INC TWILIO.COM CA                     09/29",-90.04,DEBIT_CARD,7262.01,,
DEBIT,09/29/2025,"Zelle payment to Doss 26400127897",-50.00,QUICKPAY_DEBIT,7352.05,,
DEBIT,09/29/2025,"ORIG CO NAME:AMERICAN EXPRESS       ORIG ID:9493560001 DESC DATE:250929 CO ENTRY DESCR:ACH PMT   SEC:CCD    TRACE#:021000026622283 EED:250929   IND ID:A0610                        IND NAME:GABRIEL GOERTZEN                                                                                             AM TRN: 2726622283TC",-77.00,ACH_DEBIT,7402.05,,
DEBIT,09/29/2025,"WWW.MAKE.COM WWW.MAKE.COM NY                 09/29",-10.50,DEBIT_CARD,7479.05,,
DEBIT,09/29/2025,"Zelle payment to VitaliiLisak JPM99boxs45d",-62.00,CHASE_TO_PARTNERFI,7489.55,,
DEBIT,09/29/2025,"ADSPY LONDON                                 09/27",-149.00,DEBIT_CARD,7551.55,,
DEBIT,09/29/2025,"WWW.MAKE.COM WWW.MAKE.COM NY                 09/26",-10.50,DEBIT_CARD,7700.55,,
DEBIT,09/29/2025,"TWILIO INC TWILIO.COM CA                     09/26",-90.05,DEBIT_CARD,7711.05,,
DEBIT,09/26/2025,"WWW.MAKE.COM WWW.MAKE.COM NY                 09/25",-10.50,DEBIT_CARD,7801.10,,
DEBIT,09/26/2025,"TWILIO INC TWILIO.COM CA                     09/25",-90.16,DEBIT_CARD,7811.60,,
DEBIT,09/25/2025,"CLOSEBOT WWW.CLOSEBOT. WA                    09/25",-40.08,DEBIT_CARD,7901.76,,
DEBIT,09/25/2025,"HIGHLEVEL INC. GOHIGHLEVEL.C TX              09/24",-100.00,DEBIT_CARD,7941.84,,
DEBIT,09/25/2025,"WWW.MAKE.COM WWW.MAKE.COM NY                 09/24",-10.50,DEBIT_CARD,8041.84,,
DEBIT,09/25/2025,"TWILIO INC TWILIO.COM CA                     09/24",-90.03,DEBIT_CARD,8052.34,,
DEBIT,09/24/2025,"ORIG CO NAME:Wise Inc               ORIG ID:9453233521 DESC DATE:250924 CO ENTRY DESCR:WISE      SEC:CCD    TRACE#:021000022618992 EED:250924   IND ID:TrnWise                      IND NAME:Waiz Media                                                                                                   79922221 TRN: 2672618992TC",-300.00,MISC_DEBIT,8142.37,,
DEBIT,09/24/2025,"Claim reversal: FANBASIS* STEALMYAGEN FANBASIS.COM FL        07/07  ClaimId: 265107292450001",-500.00,ATM,8442.37,,
DEBIT,09/23/2025,"WWW.MAKE.COM WWW.MAKE.COM NY                 09/23",-10.50,DEBIT_CARD,8942.37,,
DEBIT,09/23/2025,"APPLE.COM/US 800-676-2775 CA                 09/23",-1200.00,DEBIT_CARD,8952.87,,
DEBIT,09/22/2025,"ORIG CO NAME:Wise Inc               ORIG ID:9453233521 DESC DATE:250922 CO ENTRY DESCR:WISE      SEC:CCD    TRACE#:021000024214661 EED:250922   IND ID:TrnWise                      IND NAME:Waiz Media                                                                                                   79700661 TRN: 2654214661TC",-200.00,MISC_DEBIT,10152.87,,
DEBIT,09/22/2025,"WEBFLOW.COM WEBFLOW.COM CA                   09/21",-29.00,DEBIT_CARD,10352.87,,
DEBIT,09/22/2025,"HIGHLEVEL INC. GOHIGHLEVEL.C TX              09/20",-100.00,DEBIT_CARD,10381.87,,
DEBIT,09/22/2025,"TWILIO INC TWILIO.COM CA                     09/21",-90.31,DEBIT_CARD,10481.87,,
DEBIT,09/22/2025,"NOTION LABS, INC. NOTION.SO CA               09/19",-22.00,DEBIT_CARD,10572.18,,
DEBIT,09/22/2025,"TWILIO INC TWILIO.COM CA                     09/20",-90.05,DEBIT_CARD,10594.18,,
DEBIT,09/19/2025,"ORIG CO NAME:Wise Inc               ORIG ID:9453233521 DESC DATE:250919 CO ENTRY DESCR:WISE      SEC:CCD    TRACE#:021000021966457 EED:250919   IND ID:TrnWise                      IND NAME:Waiz Media                                                                                                   79688114 TRN: 2621966457TC",-150.00,MISC_DEBIT,10684.23,,
DEBIT,09/19/2025,"HIGHLEVEL AGENCY SUB GOHIGHLEVEL.C TX        09/18",-297.00,DEBIT_CARD,10834.23,,
DEBIT,09/18/2025,"M&M HELTON ENTERPRIS HOTPROSPECTOR NV        09/17",-40.00,DEBIT_CARD,11131.23,,
DEBIT,09/18/2025,"TWILIO INC TWILIO.COM CA                     09/17",-90.01,DEBIT_CARD,11171.23,,
DEBIT,09/17/2025,"CLOSEBOT WWW.CLOSEBOT. WA                    09/16",-297.00,DEBIT_CARD,11261.24,,
CREDIT,09/17/2025,"ORIG CO NAME:STRIPE                 ORIG ID:4270465600 DESC DATE:       CO ENTRY DESCR:TRANSFER  SEC:CCD    TRACE#:111000025500439 EED:250917   IND ID:ST-L7H9F3A5S3A7              IND NAME:GABRIEL GOERTZEN TRN: 2605500439TC",485.20,ACH_CREDIT,11558.24,,
DEBIT,09/16/2025,"ORIG CO NAME:Wise Inc               ORIG ID:9453233521 DESC DATE:250916 CO ENTRY DESCR:WISE      SEC:CCD    TRACE#:021000028126385 EED:250916   IND ID:TrnWise                      IND NAME:Waiz Media                                                                                                   79462137 TRN: 2598126385TC",-1000.00,MISC_DEBIT,11073.04,,
DEBIT,09/16/2025,"Online Realtime Transfer to Gabes Personal  6302 transaction#: 26243032061 reference#: 9243032061RX 09/16",-2000.00,ACCT_XFER,12073.04,,
DEBIT,09/16/2025,"HIGHLEVEL INC. GOHIGHLEVEL.C TX              09/16",-100.00,DEBIT_CARD,14073.04,,
DEBIT,09/15/2025,"PP*METAPLATFOR 650-543-4800 CA               09/13",-4.00,DEBIT_CARD,14173.04,,
DEBIT,09/15/2025,"FACEBK *M6DSDZ8MV2 650-5434800 CA            09/13",-3.00,DEBIT_CARD,14177.04,,
CREDIT,09/15/2025,"ORIG CO NAME:STRIPE                 ORIG ID:4270465600 DESC DATE:       CO ENTRY DESCR:TRANSFER  SEC:CCD    TRACE#:111000029244199 EED:250915   IND ID:ST-W7C0X2J9B8H2              IND NAME:GABRIEL GOERTZEN TRN: 2589244199TC",3481.63,ACH_CREDIT,14180.04,,
DEBIT,09/15/2025,"FANBASIS* STEALMYAGENC WESTON FL             09/12",500.00,DEBIT_CARD,10698.41,,
DEBIT,09/12/2025,"Online Realtime Transfer to Gabes Personal  6302 transaction#: 26197501473 reference#: 9197501473RX 09/12",-500.00,ACCT_XFER,10198.41,,
DEBIT,09/12/2025,"FACEBK *268KMZYLV2 650-5434800 CA            09/12",-2.00,DEBIT_CARD,10698.41,,
DEBIT,09/12/2025,"TWILIO INC TWILIO.COM CA                     09/12",-90.02,DEBIT_CARD,10700.41,,
CREDIT,09/12/2025,"Reversal: MONTHLY SERVICE FEE ClaimId: 8751110",15.00,REFUND_TRANSACTION,10790.43,,
CREDIT,09/12/2025,"Reversal: MONTHLY SERVICE FEE ClaimId: 6551108",15.00,REFUND_TRANSACTION,10775.43,,
CREDIT,09/12/2025,"Reversal: MONTHLY SERVICE FEE ClaimId: 2651072",15.00,REFUND_TRANSACTION,10760.43,,
CREDIT,09/12/2025,"Reversal: MONTHLY SERVICE FEE ClaimId: 2651072",15.00,REFUND_TRANSACTION,10745.43,,
CREDIT,09/12/2025,"Reversal: OVERDRAFT FEE FOR A $100.00 RECURRIN",34.00,REFUND_TRANSACTION,10730.43,,
CREDIT,09/12/2025,"Reversal: OVERDRAFT FEE FOR A $1,000.00 ITEM -",34.00,REFUND_TRANSACTION,10696.43,,
CREDIT,09/12/2025,"Reversal: OVERDRAFT FEE FOR A $10.00 RECURRING",34.00,REFUND_TRANSACTION,10662.43,,
CREDIT,09/12/2025,"Reversal: OVERDRAFT FEE FOR A $100.00 RECURRIN",34.00,REFUND_TRANSACTION,10628.43,,
CREDIT,09/12/2025,"Reversal: OVERDRAFT FEE FOR A $29.00 RECURRING",34.00,REFUND_TRANSACTION,10594.43,,
CREDIT,09/12/2025,"Reversal: OVERDRAFT FEE FOR A $100.00 RECURRIN",34.00,REFUND_TRANSACTION,10560.43,,
CREDIT,09/12/2025,"Reversal: OVERDRAFT FEE FOR A $22.76 RECURRING",34.00,REFUND_TRANSACTION,10526.43,,
CREDIT,09/12/2025,"Reversal: OVERDRAFT FEE FOR A $22.00 RECURRING",34.00,REFUND_TRANSACTION,10492.43,,
CREDIT,09/12/2025,"Reversal: OVERDRAFT FEE FOR A $90.04 RECURRING",34.00,REFUND_TRANSACTION,10458.43,,
CREDIT,09/12/2025,"Reversal: OVERDRAFT FEE FOR A $297.00 RECURRIN",34.00,REFUND_TRANSACTION,10424.43,,
CREDIT,09/12/2025,"Reversal: OVERDRAFT FEE FOR A $100.00 RECURRIN",34.00,REFUND_TRANSACTION,10390.43,,
CREDIT,09/12/2025,"Reversal: OVERDRAFT FEE FOR A $90.04 RECURRING",34.00,REFUND_TRANSACTION,10356.43,,
CREDIT,09/12/2025,"Reversal: OVERDRAFT FEE FOR A $64.71 RECURRING",34.00,REFUND_TRANSACTION,10322.43,,
CREDIT,09/12/2025,"Reversal: OVERDRAFT FEE FOR A $10.50 RECURRING",34.00,REFUND_TRANSACTION,10288.43,,
CREDIT,09/12/2025,"Reversal: OVERDRAFT FEE FOR A $40.00 RECURRING",34.00,REFUND_TRANSACTION,10254.43,,
CREDIT,09/12/2025,"Reversal: OVERDRAFT FEE FOR A $149.00 RECURRIN",34.00,REFUND_TRANSACTION,10220.43,,
CREDIT,09/12/2025,"Reversal: OVERDRAFT FEE FOR A $90.01 RECURRING",34.00,REFUND_TRANSACTION,10186.43,,
CREDIT,09/12/2025,"Reversal: OVERDRAFT FEE FOR A $197.00 RECURRIN",34.00,REFUND_TRANSACTION,10152.43,,
CREDIT,09/12/2025,"Reversal: OVERDRAFT FEE FOR A $40.00 RECURRING",34.00,REFUND_TRANSACTION,10118.43,,
CREDIT,09/12/2025,"Reversal: OVERDRAFT FEE FOR A $310.67 ITEM - D",34.00,REFUND_TRANSACTION,10084.43,,
CREDIT,09/12/2025,"Reversal: OVERDRAFT FEE FOR A $1,000.00 RECURR",34.00,REFUND_TRANSACTION,10050.43,,
CREDIT,09/12/2025,"Reversal: FANBASIS* STEAL MY AG FANBASIS.COM FL        04/08 ClaimId: 875111007680001",500.00,ATM,10016.43,,
CREDIT,09/12/2025,"Reversal: FANBASIS* STEAL MY AG FANBASIS.COM FL        05/08 ClaimId: 655110875660001",500.00,ATM,9516.43,,
CREDIT,09/12/2025,"Reversal: FANBASIS* STEALMYAGEN FANBASIS.COM FL        07/07  ClaimId: 265107292450001",500.00,ATM,9016.43,,
DEBIT,09/11/2025,"HIGHLEVEL INC. GOHIGHLEVEL.C TX              09/11",-100.00,DEBIT_CARD,8516.43,,
DEBIT,09/11/2025,"Online Realtime Transfer to Gabes Personal  6302 transaction#: 26180464022 reference#: 9180464022RX 09/11",-1500.00,ACCT_XFER,8616.43,,
DEBIT,09/11/2025,"Online Realtime Transfer to Gabes Personal  6302 transaction#: 26180446229 reference#: 9180446229RX 09/11",-1500.00,ACCT_XFER,10116.43,,
DEBIT,09/10/2025,"ORIG CO NAME:Wise Inc               ORIG ID:9453233521 DESC DATE:250910 CO ENTRY DESCR:WISE      SEC:CCD    TRACE#:021000021308587 EED:250910   IND ID:TrnWise                      IND NAME:Waiz Media                                                                                                   79135630 TRN: 2531308587TC",-100.00,MISC_DEBIT,11616.43,,
DEBIT,09/08/2025,"SLACK T07E9KEFKEH SLACK.COM CA               09/07",-49.11,DEBIT_CARD,11716.43,,
DEBIT,09/08/2025,"M&M HELTON ENTERPRIS HOTPROSPECTOR NV        09/07",-372.75,DEBIT_CARD,11765.54,,
DEBIT,09/08/2025,"HIGHLEVEL INC. GOHIGHLEVEL.C TX              09/06",-100.00,DEBIT_CARD,12138.29,,
DEBIT,09/08/2025,"CLOSEBOT WWW.CLOSEBOT. WA                    09/06",-50.00,DEBIT_CARD,12238.29,,
DEBIT,09/08/2025,"TWILIO INC TWILIO.COM CA                     09/06",-90.02,DEBIT_CARD,12288.29,,
DEBIT,09/05/2025,"ORIG CO NAME:Wise Inc               ORIG ID:9453233521 DESC DATE:250905 CO ENTRY DESCR:WISE      SEC:CCD    TRACE#:021000022805692 EED:250905   IND ID:TrnWise                      IND NAME:Waiz Media                                                                                                   78812000 TRN: 2482805692TC",-95.00,MISC_DEBIT,12378.31,,
DEBIT,09/05/2025,"ORIG CO NAME:Wise Inc               ORIG ID:9453233521 DESC DATE:250905 CO ENTRY DESCR:WISE      SEC:CCD    TRACE#:021000022805712 EED:250905   IND ID:TrnWise                      IND NAME:Waiz Media                                                                                                   78812186 TRN: 2482805712TC",-325.00,MISC_DEBIT,12473.31,,
DEBIT,09/05/2025,"ORIG CO NAME:Wise Inc               ORIG ID:9453233521 DESC DATE:250905 CO ENTRY DESCR:WISE      SEC:CCD    TRACE#:021000022805650 EED:250905   IND ID:TrnWise                      IND NAME:Waiz Media                                                                                                   78811469 TRN: 2482805650TC",-595.00,MISC_DEBIT,12798.31,,
DEBIT,09/05/2025,"ORIG CO NAME:Wise Inc               ORIG ID:9453233521 DESC DATE:250905 CO ENTRY DESCR:WISE      SEC:CCD    TRACE#:021000022805666 EED:250905   IND ID:TrnWise                      IND NAME:Waiz Media                                                                                                   78811663 TRN: 2482805666TC",-1205.00,MISC_DEBIT,13393.31,,
DEBIT,09/05/2025,"ORIG CO NAME:Wise Inc               ORIG ID:9453233521 DESC DATE:250905 CO ENTRY DESCR:WISE      SEC:CCD    TRACE#:021000022805660 EED:250905   IND ID:TrnWise                      IND NAME:Waiz Media                                                                                                   78811585 TRN: 2482805660TC",-1410.00,MISC_DEBIT,14598.31,,
CREDIT,09/05/2025,"ORIG CO NAME:STRIPE                 ORIG ID:4270465600 DESC DATE:       CO ENTRY DESCR:TRANSFER  SEC:CCD    TRACE#:111000026078626 EED:250905   IND ID:ST-T0O7S4N2L8V1              IND NAME:GABRIEL GOERTZEN TRN: 2486078626TC",4320.35,ACH_CREDIT,16008.31,,
CREDIT,09/04/2025,"ORIG CO NAME:STRIPE                 ORIG ID:4270465600 DESC DATE:       CO ENTRY DESCR:TRANSFER  SEC:CCD    TRACE#:111000027361863 EED:250904   IND ID:ST-Y0V8H2B8Y0Q8              IND NAME:GABRIEL GOERTZEN TRN: 2477361863TC",1794.55,ACH_CREDIT,11687.96,,
DEBIT,09/03/2025,"ORIG CO NAME:Wise Inc               ORIG ID:9453233521 DESC DATE:250903 CO ENTRY DESCR:WISE      SEC:CCD    TRACE#:021000020174989 EED:250903   IND ID:TrnWise                      IND NAME:Waiz Media                                                                                                   78688858 TRN: 2460174989TC",-1900.00,MISC_DEBIT,9893.41,,
DEBIT,09/03/2025,"TWILIO INC TWILIO.COM CA                     09/02",-90.03,DEBIT_CARD,11793.41,,
DEBIT,09/02/2025,"HIGHLEVEL INC. GOHIGHLEVEL.C TX              09/01",-100.00,DEBIT_CARD,11883.44,,
DEBIT,09/02/2025,"CLOSEBOT WWW.CLOSEBOT. WA                    09/01",-50.90,DEBIT_CARD,11983.44,,
DEBIT,09/02/2025,"WWW.MAKE.COM WWW.MAKE.COM NY                 08/30",-64.71,DEBIT_CARD,12034.34,,
DEBIT,09/02/2025,"TWILIO INC TWILIO.COM CA                     08/29",-90.04,DEBIT_CARD,12099.05,,
CREDIT,09/02/2025,"ORIG CO NAME:STRIPE                 ORIG ID:4270465600 DESC DATE:       CO ENTRY DESCR:TRANSFER  SEC:CCD    TRACE#:111000024721085 EED:250902   IND ID:ST-C5B3U0Y9G3G8              IND NAME:GABRIEL GOERTZEN TRN: 2454721085TC",485.20,ACH_CREDIT,12189.09,,
DEBIT,08/29/2025,"MONTHLY SERVICE FEE",-15.00,FEE_TRANSACTION,11703.89,,
DEBIT,08/28/2025,"ADSPY LONDON                                 08/27",-149.00,DEBIT_CARD,11718.89,,
DEBIT,08/26/2025,"Online Realtime Transfer to Gabes Personal  6302 transaction#: 25991999401 reference#: 9991999401RX 08/26",-2000.00,ACCT_XFER,11867.89,,
DEBIT,08/26/2025,"HIGHLEVEL INC. GOHIGHLEVEL.C TX              08/25",-100.00,DEBIT_CARD,13867.89,,
CREDIT,08/26/2025,"ORIG CO NAME:STRIPE                 ORIG ID:1800948598 DESC DATE:       CO ENTRY DESCR:TRANSFER  SEC:CCD    TRACE#:091000014091855 EED:250826   IND ID:ST-Z5Q5Q6H4B2G4              IND NAME:GABRIEL GOERTZEN TRN: 2384091855TC",496.00,ACH_CREDIT,13967.89,,
DEBIT,08/25/2025,"TWILIO INC TWILIO.COM CA                     08/24",-90.07,DEBIT_CARD,13471.89,,
DEBIT,08/25/2025,"M&M HELTON ENTERPRIS HOTPROSPECTOR NV        08/22",-40.00,DEBIT_CARD,13561.96,,
DEBIT,08/21/2025,"WEBFLOW.COM WEBFLOW.COM CA                   08/21",-29.00,DEBIT_CARD,13601.96,,
DEBIT,08/21/2025,"TWILIO INC TWILIO.COM CA                     08/20",-90.04,DEBIT_CARD,13630.96,,
DEBIT,08/20/2025,"MIRO.COM MIRO.COM CA                         08/20",-20.00,DEBIT_CARD,13721.00,,
DEBIT,08/20/2025,"NOTION LABS, INC. NOTION.SO CA               08/19",-22.00,DEBIT_CARD,13741.00,,
DEBIT,08/20/2025,"HIGHLEVEL INC. GOHIGHLEVEL.C TX              08/19",-100.00,DEBIT_CARD,13763.00,,
CREDIT,08/20/2025,"ORIG CO NAME:STRIPE                 ORIG ID:1800948598 DESC DATE:       CO ENTRY DESCR:TRANSFER  SEC:CCD    TRACE#:091000016051394 EED:250820   IND ID:ST-T8P3B2Q7L6B1              IND NAME:GABRIEL GOERTZEN TRN: 2326051394TC",3058.35,ACH_CREDIT,13863.00,,
DEBIT,08/19/2025,"HIGHLEVEL AGENCY SUB GOHIGHLEVEL.C TX        08/18",-297.00,DEBIT_CARD,10804.65,,
DEBIT,08/18/2025,"CLOSEBOT WWW.CLOSEBOT. WA                    08/16",-197.00,DEBIT_CARD,11101.65,,
DEBIT,08/18/2025,"TWILIO INC TWILIO.COM CA                     08/16",-90.02,DEBIT_CARD,11298.65,,
CREDIT,08/18/2025,"ORIG CO NAME:STRIPE                 ORIG ID:1800948598 DESC DATE:       CO ENTRY DESCR:TRANSFER  SEC:CCD    TRACE#:091000015205903 EED:250818   IND ID:ST-B0D0D2R7Q7L8              IND NAME:GABRIEL GOERTZEN TRN: 2305205903TC",1926.83,ACH_CREDIT,11388.67,,
DEBIT,08/14/2025,"TWILIO INC TWILIO.COM CA                     08/13",-90.02,DEBIT_CARD,9461.84,,
DEBIT,08/13/2025,"HIGHLEVEL INC. GOHIGHLEVEL.C TX              08/13",-100.00,DEBIT_CARD,9551.86,,
DEBIT,08/11/2025,"SENDBLUE.COM WWW.SENDBLUE. DE                08/09",-500.00,DEBIT_CARD,9651.86,,
DEBIT,08/08/2025,"ORIG CO NAME:Wise Inc               ORIG ID:9453233521 DESC DATE:250808 CO ENTRY DESCR:WISE      SEC:CCD    TRACE#:021000027372827 EED:250808   IND ID:TrnWise                      IND NAME:Waiz Media                                                                                                   77181865 TRN: 2207372827TC",-197.51,MISC_DEBIT,10151.86,,
DEBIT,08/08/2025,"TWILIO INC TWILIO.COM CA                     08/07",-90.03,DEBIT_CARD,10349.37,,
DEBIT,08/07/2025,"SLACK T07E9KEFKEH SLACK.COM CA               08/07",-92.29,DEBIT_CARD,10439.40,,
DEBIT,08/07/2025,"M&M HELTON ENTERPRIS HOTPROSPECTOR NV        08/07",-372.75,DEBIT_CARD,10531.69,,
DEBIT,08/06/2025,"FOREIGN EXCHANGE RATE ADJUSTMENT FEE         08/05EC     *3",-1.51,FEE_TRANSACTION,10904.44,,
DEBIT,08/06/2025,"EC     *3VSNUTRITION JUNDIA                  08/05 BR Real    278.00 X 0.1819784 (EXCHG RTE)",-50.59,DEBIT_CARD,10905.95,,
CREDIT,08/06/2025,"ORIG CO NAME:STRIPE                 ORIG ID:4270465600 DESC DATE:       CO ENTRY DESCR:TRANSFER  SEC:CCD    TRACE#:111000026340534 EED:250806   IND ID:ST-Z3U5L3C1S2K8              IND NAME:GABRIEL GOERTZEN TRN: 2186340534TC",5485.55,ACH_CREDIT,10956.54,,
DEBIT,08/05/2025,"ORIG CO NAME:Wise Inc               ORIG ID:9453233521 DESC DATE:250805 CO ENTRY DESCR:WISE      SEC:CCD    TRACE#:021000023111467 EED:250805   IND ID:TrnWise                      IND NAME:Waiz Media                                                                                                   77009678 TRN: 2173111467TC",-105.80,MISC_DEBIT,5470.99,,
DEBIT,08/05/2025,"ORIG CO NAME:Wise Inc               ORIG ID:9453233521 DESC DATE:250805 CO ENTRY DESCR:WISE      SEC:CCD    TRACE#:021000023111433 EED:250805   IND ID:TrnWise                      IND NAME:Waiz Media                                                                                                   77009200 TRN: 2173111433TC",-293.83,MISC_DEBIT,5576.79,,
DEBIT,08/05/2025,"ORIG CO NAME:Wise Inc               ORIG ID:9453233521 DESC DATE:250805 CO ENTRY DESCR:WISE      SEC:CCD    TRACE#:021000023111293 EED:250805   IND ID:TrnWise                      IND NAME:Waiz Media                                                                                                   77007654 TRN: 2173111293TC",-366.45,MISC_DEBIT,5870.62,,
DEBIT,08/05/2025,"ORIG CO NAME:Wise Inc               ORIG ID:9453233521 DESC DATE:250805 CO ENTRY DESCR:WISE      SEC:CCD    TRACE#:021000023111319 EED:250805   IND ID:TrnWise                      IND NAME:Waiz Media                                                                                                   77008005 TRN: 2173111319TC",-804.28,MISC_DEBIT,6237.07,,
DEBIT,08/05/2025,"ORIG CO NAME:Wise Inc               ORIG ID:9453233521 DESC DATE:250805 CO ENTRY DESCR:WISE      SEC:CCD    TRACE#:021000023111281 EED:250805   IND ID:TrnWise                      IND NAME:Waiz Media                                                                                                   77007404 TRN: 2173111281TC",-1285.37,MISC_DEBIT,7041.35,,
DEBIT,08/05/2025,"HIGHLEVEL INC. GOHIGHLEVEL.C TX              08/04",-100.00,DEBIT_CARD,8326.72,,
CREDIT,08/05/2025,"ORIG CO NAME:STRIPE                 ORIG ID:4270465600 DESC DATE:       CO ENTRY DESCR:TRANSFER  SEC:CCD    TRACE#:111000029175141 EED:250805   IND ID:ST-M5F7O4G9M9A9              IND NAME:GABRIEL GOERTZEN TRN: 2179175141TC",7568.34,ACH_CREDIT,8426.72,,
CREDIT,08/05/2025,"FEE REVERSAL",34.00,REFUND_TRANSACTION,858.38,,
CREDIT,08/05/2025,"FEE REVERSAL",34.00,REFUND_TRANSACTION,824.38,,
CREDIT,08/05/2025,"FEE REVERSAL",34.00,REFUND_TRANSACTION,790.38,,
DEBIT,08/04/2025,"TWILIO INC TWILIO.COM CA                     08/02",-90.64,DEBIT_CARD,756.38,,
DEBIT,08/01/2025,"OVERDRAFT FEE FOR A $100.00 RECURRING CARD PURCHASE - DETAILS:       0730CLOSEBOT WWW.CLOSEBOT. WA            0############9655                                                                                           00195",-34.00,FEE_TRANSACTION,847.02,,
DEBIT,08/01/2025,"OVERDRAFT FEE FOR A $90.04 RECURRING CARD PURCHASE - DETAILS:       0731TWILIO INC TWILIO.COM CA             0############9655                                                                                           00544",-34.00,FEE_TRANSACTION,881.02,,
DEBIT,07/31/2025,"MONTHLY SERVICE FEE",-15.00,FEE_TRANSACTION,915.02,,
DEBIT,07/31/2025,"OVERDRAFT FEE FOR A $64.71 RECURRING CARD PURCHASE - DETAILS:       0730WWW.MAKE.COM WWW.MAKE.COM NY         0############9655                                                                                           00251",-34.00,FEE_TRANSACTION,930.02,,
DEBIT,07/31/2025,"OVERDRAFT FEE FOR A $10.50 RECURRING CARD PURCHASE - DETAILS:       0730WWW.MAKE.COM WWW.MAKE.COM NY         0############9655                                                                                           00251",-34.00,FEE_TRANSACTION,964.02,,
DEBIT,07/31/2025,"CLOSEBOT WWW.CLOSEBOT. WA                    07/30",-100.00,DEBIT_CARD,998.02,,
DEBIT,07/31/2025,"TWILIO INC TWILIO.COM CA                     07/31",-90.04,DEBIT_CARD,1098.02,,
DEBIT,07/30/2025,"OVERDRAFT FEE FOR A $40.00 RECURRING CARD PURCHASE - DETAILS:       0728M&M HELTON ENTERPRIS HOTPROSPECTOR NV0############9655                                                                                           00617",-34.00,FEE_TRANSACTION,1188.06,,
DEBIT,07/30/2025,"WWW.MAKE.COM WWW.MAKE.COM NY                 07/30",-64.71,DEBIT_CARD,1222.06,,
DEBIT,07/30/2025,"WWW.MAKE.COM WWW.MAKE.COM NY                 07/30",-10.50,DEBIT_CARD,1286.77,,
DEBIT,07/30/2025,"CLOSEBOT WWW.CLOSEBOT. WA                    07/29",-1.74,DEBIT_CARD,1297.27,,
CREDIT,07/30/2025,"Online Transfer 25663766976 from Gabes Personal #####6302 transaction #: 25663766976 07/30",1500.00,ACCT_XFER,1299.01,,
DEBIT,07/29/2025,"OVERDRAFT FEE FOR A $149.00 RECURRING CARD PURCHASE - DETAILS:       0727ADSPY LONDON                         0############9655                                                                                           00617",-34.00,FEE_TRANSACTION,-200.99,,
DEBIT,07/29/2025,"M&M HELTON ENTERPRIS HOTPROSPECTOR NV        07/28",-40.00,DEBIT_CARD,-166.99,,
DEBIT,07/28/2025,"ADSPY LONDON                                 07/27",-149.00,DEBIT_CARD,-126.99,,
DEBIT,07/28/2025,"HIGHLEVEL INC. GOHIGHLEVEL.C TX              07/27",-100.00,DEBIT_CARD,22.01,,
DEBIT,07/28/2025,"TWILIO INC TWILIO.COM CA                     07/26",-90.10,DEBIT_CARD,122.01,,
CREDIT,07/24/2025,"ORIG CO NAME:STRIPE                 ORIG ID:1800948598 DESC DATE:       CO ENTRY DESCR:TRANSFER  SEC:CCD    TRACE#:091000014287135 EED:250724   IND ID:ST-V5K8R8Q3F3T8              IND NAME:GABRIEL GOERTZEN TRN: 2054287135TC",1841.70,ACH_CREDIT,212.11,,
DEBIT,07/22/2025,"OVERDRAFT FEE FOR A $29.00 RECURRING CARD PURCHASE - DETAILS:       0721WEBFLOW.COM WEBFLOW.COM CA           0############9655                                                                                           00594",-34.00,FEE_TRANSACTION,-1629.59,,
DEBIT,07/22/2025,"OVERDRAFT FEE FOR A $100.00 RECURRING CARD PURCHASE - DETAILS:       0720HIGHLEVEL INC. GOHIGHLEVEL.C TX      0############9655                                                                                           00247",-34.00,FEE_TRANSACTION,-1595.59,,
DEBIT,07/22/2025,"OVERDRAFT FEE FOR A $22.76 RECURRING CARD PURCHASE - DETAILS:       0720MIRO.COM MIRO.COM CA                 0############9655                                                                                           00732",-34.00,FEE_TRANSACTION,-1561.59,,
DEBIT,07/22/2025,"OVERDRAFT FEE FOR A $22.00 RECURRING CARD PURCHASE - DETAILS:       0719NOTION LABS, INC. NOTION.SO CA       0############9655                                                                                           00245",-34.00,FEE_TRANSACTION,-1527.59,,
DEBIT,07/22/2025,"OVERDRAFT FEE FOR A $90.04 RECURRING CARD PURCHASE - DETAILS:       0721TWILIO INC TWILIO.COM CA             0############9655                                                                                           00544",-34.00,FEE_TRANSACTION,-1493.59,,
DEBIT,07/22/2025,"OVERDRAFT FEE FOR A $297.00 RECURRING CARD PURCHASE - DETAILS:       0718HIGHLEVEL AGENCY SUB GOHIGHLEVEL.C TX0############9655                                                                                           00247",-34.00,FEE_TRANSACTION,-1459.59,,
DEBIT,07/21/2025,"OVERDRAFT FEE FOR A $90.01 RECURRING CARD PURCHASE - DETAILS:       0717TWILIO INC TWILIO.COM CA             0############9655                                                                                           01544",-34.00,FEE_TRANSACTION,-1425.59,,
DEBIT,07/21/2025,"ORIG CO NAME:WAIZMEDIA LLC          ORIG ID:1800948598 DESC DATE:       CO ENTRY DESCR:Stripe CapSEC:CCD    TRACE#:091000017802926 EED:250721   IND ID:ST-H3H3S5K7A8T8              IND NAME:GABRIEL GOERTZEN TRN: 2027802926TC",-310.67,ACH_DEBIT,-1391.59,,
DEBIT,07/21/2025,"WEBFLOW.COM WEBFLOW.COM CA                   07/21",-29.00,DEBIT_CARD,-1080.92,,
DEBIT,07/21/2025,"HIGHLEVEL INC. GOHIGHLEVEL.C TX              07/20",-100.00,DEBIT_CARD,-1051.92,,
DEBIT,07/21/2025,"MIRO.COM MIRO.COM CA                         07/20",-22.76,DEBIT_CARD,-951.92,,
DEBIT,07/21/2025,"NOTION LABS, INC. NOTION.SO CA               07/19",-22.00,DEBIT_CARD,-929.16,,
DEBIT,07/21/2025,"TWILIO INC TWILIO.COM CA                     07/21",-90.04,DEBIT_CARD,-907.16,,
DEBIT,07/21/2025,"HIGHLEVEL AGENCY SUB GOHIGHLEVEL.C TX        07/18",-297.00,DEBIT_CARD,-817.12,,
DEBIT,07/18/2025,"OVERDRAFT FEE FOR A $197.00 RECURRING CARD PURCHASE - DETAILS:       0716CLOSEBOT WWW.CLOSEBOT. WA            0############9655                                                                                           00195",-34.00,FEE_TRANSACTION,-520.12,,
DEBIT,07/18/2025,"TWILIO INC TWILIO.COM CA                     07/17",-90.01,DEBIT_CARD,-486.12,,
DEBIT,07/17/2025,"OVERDRAFT FEE FOR A $40.00 RECURRING CARD PURCHASE - DETAILS:       0715M&M HELTON ENTERPRIS HOTPROSPECTOR NV0############9655                                                                                           01617",-34.00,FEE_TRANSACTION,-396.11,,
DEBIT,07/17/2025,"CLOSEBOT WWW.CLOSEBOT. WA                    07/16",-197.00,DEBIT_CARD,-362.11,,
DEBIT,07/16/2025,"M&M HELTON ENTERPRIS HOTPROSPECTOR NV        07/15",-40.00,DEBIT_CARD,-165.11,,
DEBIT,07/15/2025,"OVERDRAFT FEE FOR A $310.67 ITEM - DETAILS: ORIG CO NAME:WAIZMEDIA LLC          ORIG ID:1800948598 DESC DATE:       CO ENTRY DESCR:Stripe CapSEC:CCD    TRACE#:091000017807895 EED:250714   IND ID:ST-C7A9A5T7I3N7              IND NAME:GABRIEL GOERTZEN TRN: 1957807895TC",-34.00,FEE_TRANSACTION,-125.11,,
DEBIT,07/14/2025,"ORIG CO NAME:WAIZMEDIA LLC          ORIG ID:1800948598 DESC DATE:       CO ENTRY DESCR:Stripe CapSEC:CCD    TRACE#:091000017807895 EED:250714   IND ID:ST-C7A9A5T7I3N7              IND NAME:GABRIEL GOERTZEN TRN: 1957807895TC",-310.67,ACH_DEBIT,-91.11,,
DEBIT,07/14/2025,"HIGHLEVEL INC. GOHIGHLEVEL.C TX              07/12",-100.00,DEBIT_CARD,219.56,,
DEBIT,07/14/2025,"TWILIO INC TWILIO.COM CA                     07/11",-90.03,DEBIT_CARD,319.56,,
DEBIT,07/14/2025,"SENDBLUE.COM WILMINGTON DE                   07/10",500.00,DEBIT_CARD,409.59,,
DEBIT,07/11/2025,"OVERDRAFT FEE FOR A $1,000.00 RECURRING CARD PURCHASE - DETAILS:       0709SENDBLUE.COM WWW.SENDBLUE. DE        0############9655                                                                                           01617",-34.00,FEE_TRANSACTION,-90.41,,
DEBIT,07/10/2025,"SENDBLUE.COM WWW.SENDBLUE. DE                07/09",-1000.00,DEBIT_CARD,-56.41,,
DEBIT,07/08/2025,"ORIG CO NAME:WAIZMEDIA LLC          ORIG ID:1800948598 DESC DATE:       CO ENTRY DESCR:Stripe CapSEC:CCD    TRACE#:091000012744985 EED:250708   IND ID:ST-H0W5Z3P5V8T0              IND NAME:GABRIEL GOERTZEN TRN: 1892744985TC",-310.67,ACH_DEBIT,943.59,,
DEBIT,07/07/2025,"FANBASIS* STEALMYAGEN FANBASIS.COM FL        07/07",-500.00,DEBIT_CARD,1254.26,,
DEBIT,07/07/2025,"ORIG CO NAME:Wise Inc               ORIG ID:9453233521 DESC DATE:250707 CO ENTRY DESCR:WISE      SEC:CCD    TRACE#:021000029115235 EED:250707   IND ID:TrnWise                      IND NAME:Waiz Media                                                                                                   75169965 TRN: 1889115235TC",-259.28,MISC_DEBIT,1754.26,,
DEBIT,07/07/2025,"ORIG CO NAME:Wise Inc               ORIG ID:9453233521 DESC DATE:250707 CO ENTRY DESCR:WISE      SEC:CCD    TRACE#:021000029115207 EED:250707   IND ID:TrnWise                      IND NAME:Waiz Media                                                                                                   75169467 TRN: 1889115207TC",-471.68,MISC_DEBIT,2013.54,,
DEBIT,07/07/2025,"ORIG CO NAME:Wise Inc               ORIG ID:9453233521 DESC DATE:250707 CO ENTRY DESCR:WISE      SEC:CCD    TRACE#:021000029115331 EED:250707   IND ID:TrnWise                      IND NAME:Waiz Media                                                                                                   75172111 TRN: 1889115331TC",-482.85,MISC_DEBIT,2485.22,,
DEBIT,07/07/2025,"ORIG CO NAME:Wise Inc               ORIG ID:9453233521 DESC DATE:250707 CO ENTRY DESCR:WISE      SEC:CCD    TRACE#:021000029115241 EED:250707   IND ID:TrnWise                      IND NAME:Waiz Media                                                                                                   75170121 TRN: 1889115241TC",-559.40,MISC_DEBIT,2968.07,,
DEBIT,07/07/2025,"ORIG CO NAME:Wise Inc               ORIG ID:9453233521 DESC DATE:250707 CO ENTRY DESCR:WISE      SEC:CCD    TRACE#:021000029115237 EED:250707   IND ID:TrnWise                      IND NAME:Waiz Media                                                                                                   75170017 TRN: 1889115237TC",-1144.32,MISC_DEBIT,3527.47,,
DEBIT,07/07/2025,"ORIG CO NAME:Wise Inc               ORIG ID:9453233521 DESC DATE:250707 CO ENTRY DESCR:WISE      SEC:CCD    TRACE#:021000029115249 EED:250707   IND ID:TrnWise                      IND NAME:Waiz Media                                                                                                   75170268 TRN: 1889115249TC",-2200.00,MISC_DEBIT,4671.79,,
DEBIT,07/07/2025,"SLACK T07E9KEFKEH SLACK.COM CA               07/07",-70.00,DEBIT_CARD,6871.79,,
DEBIT,07/07/2025,"M&M HELTON ENTERPRIS HOTPROSPECTOR NV        07/07",-372.75,DEBIT_CARD,6941.79,,
DEBIT,07/07/2025,"HIGHLEVEL INC. GOHIGHLEVEL.C TX              07/06",-100.00,DEBIT_CARD,7314.54,,
DEBIT,07/07/2025,"TWILIO INC TWILIO.COM CA                     07/06",-90.02,DEBIT_CARD,7414.54,,
DEBIT,07/03/2025,"TWILIO INC TWILIO.COM CA                     07/02",-90.29,DEBIT_CARD,7504.56,,
DEBIT,07/02/2025,"ORIG CO NAME:Wise Inc               ORIG ID:9453233521 DESC DATE:250702 CO ENTRY DESCR:WISE      SEC:CCD    TRACE#:021000023133270 EED:250702   IND ID:TrnWise                      IND NAME:Waiz Media                                                                                                   74984848 TRN: 1833133270TC",-200.00,MISC_DEBIT,7594.85,,
DEBIT,07/01/2025,"ORIG CO NAME:Wise Inc               ORIG ID:9453233521 DESC DATE:250701 CO ENTRY DESCR:WISE      SEC:CCD    TRACE#:021000020518343 EED:250701   IND ID:TrnWise                      IND NAME:Waiz Media                                                                                                   74923691 TRN: 1820518343TC",-200.00,MISC_DEBIT,7794.85,,
DEBIT,07/01/2025,"ORIG CO NAME:WAIZMEDIA LLC          ORIG ID:1800948598 DESC DATE:       CO ENTRY DESCR:Stripe CapSEC:CCD    TRACE#:091000011226663 EED:250701   IND ID:ST-B1K7Q2Y6T5J2              IND NAME:GABRIEL GOERTZEN TRN: 1821226663TC",-174.17,ACH_DEBIT,7994.85,,
DEBIT,07/01/2025,"Online Realtime Transfer to Gabes Personal  6302 transaction#: 25318148426 reference#: 9318148426RX 07/01",-500.00,ACCT_XFER,8169.02,,
DEBIT,06/30/2025,"MONTHLY SERVICE FEE",-15.00,FEE_TRANSACTION,8669.02,,
DEBIT,06/30/2025,"WWW.MAKE.COM WWW.MAKE.COM NY                 06/30",-64.71,DEBIT_CARD,8684.02,,
DEBIT,06/30/2025,"HIGHLEVEL INC. GOHIGHLEVEL.C TX              06/28",-100.00,DEBIT_CARD,8748.73,,
DEBIT,06/30/2025,"WWW.MAKE.COM WWW.MAKE.COM NY                 06/28",-10.50,DEBIT_CARD,8848.73,,
DEBIT,06/30/2025,"STEALTH MANAGER STEALTHMANAGE FL             06/27",-600.00,DEBIT_CARD,8859.23,,
DEBIT,06/30/2025,"ADSPY LONDON                                 06/27",-149.00,DEBIT_CARD,9459.23,,
DEBIT,06/30/2025,"TWILIO INC TWILIO.COM CA                     06/27",-90.00,DEBIT_CARD,9608.23,,
CREDIT,06/27/2025,"ORIG CO NAME:STRIPE                 ORIG ID:4270465600 DESC DATE:       CO ENTRY DESCR:TRANSFER  SEC:CCD    TRACE#:111000027843814 EED:250627   IND ID:ST-C9I4C1Y0V2Q0              IND NAME:GABRIEL GOERTZEN TRN: 1787843814TC",2514.03,ACH_CREDIT,9698.23,,
DEBIT,06/26/2025,"HIGHLEVEL INC. GOHIGHLEVEL.C TX              06/25",-100.00,DEBIT_CARD,7184.20,,
CREDIT,06/26/2025,"ORIG CO NAME:Upwork Escrow In       ORIG ID:4371551996 DESC DATE:       CO ENTRY DESCR:EDI PYMNTSSEC:CCD    TRACE#:091000019875501 EED:250626   IND ID:RF821061073                  IND NAME:Gabriel Goertzen                                                                                             EDI TRN: 1779875501TC",215.99,MISC_CREDIT,7284.20,,
DEBIT,06/25/2025,"ORIG CO NAME:IRS                    ORIG ID:3387702000 DESC DATE:062525 CO ENTRY DESCR:USATAXPYMTSEC:WEB    TRACE#:061036011815223 EED:250625   IND ID:222557624393662              IND NAME:GABRIEL GOERTZEN TRN: 1761815223TC",-394.00,ACH_DEBIT,7068.21,,
DEBIT,06/25/2025,"WWW.MAKE.COM WWW.MAKE.COM NY                 06/25",-10.50,DEBIT_CARD,7462.21,,
CREDIT,06/25/2025,"ORIG CO NAME:STRIPE                 ORIG ID: 800948598 DESC DATE:       CO ENTRY DESCR:TRANSFER  SEC:CCD    TRACE#:043305131726945 EED:250625   IND ID:ST-V0B8S9L5H5O8              IND NAME:GABRIEL GOERTZEN TRN: 1761726945TC",460.20,ACH_CREDIT,7472.71,,
DEBIT,06/24/2025,"ORIG CO NAME:WAIZMEDIA LLC          ORIG ID:1800948598 DESC DATE:       CO ENTRY DESCR:Stripe CapSEC:CCD    TRACE#:091000012839284 EED:250624   IND ID:ST-N5B8Q0V2S2D3              IND NAME:GABRIEL GOERTZEN TRN: 1752839284TC",-65.67,ACH_DEBIT,7012.51,,
CREDIT,06/24/2025,"ORIG CO NAME:STRIPE                 ORIG ID: 800948598 DESC DATE:       CO ENTRY DESCR:TRANSFER  SEC:CCD    TRACE#:043305134192157 EED:250624   IND ID:ST-M8R0C1S5C0U8              IND NAME:GABRIEL GOERTZEN TRN: 1754192157TC",1381.20,ACH_CREDIT,7078.18,,
DEBIT,06/23/2025,"WEBFLOW.COM WEBFLOW.COM CA                   06/21",-29.00,DEBIT_CARD,5696.98,,
DEBIT,06/23/2025,"TWILIO INC TWILIO.COM CA                     06/21",-90.95,DEBIT_CARD,5725.98,,
DEBIT,06/20/2025,"ORIG CO NAME:Wise Inc               ORIG ID:9453233521 DESC DATE:250620 CO ENTRY DESCR:WISE      SEC:CCD    TRACE#:021000027431373 EED:250620   IND ID:TrnWise                      IND NAME:Waiz Media                                                                                                   74292844 TRN: 1717431373TC",-300.00,MISC_DEBIT,5816.93,,
DEBIT,06/20/2025,"MIRO.COM MIRO.COM CA                         06/20",-10.00,DEBIT_CARD,6116.93,,
DEBIT,06/20/2025,"NOTION LABS, INC. NOTION.SO CA               06/19",-22.00,DEBIT_CARD,6126.93,,
DEBIT,06/20/2025,"HIGHLEVEL AGENCY SUB GOHIGHLEVEL.C TX        06/18",-297.00,DEBIT_CARD,6148.93,,
CREDIT,06/20/2025,"ORIG CO NAME:STRIPE                 ORIG ID:4270465600 DESC DATE:       CO ENTRY DESCR:TRANSFER  SEC:CCD    TRACE#:111000026830844 EED:250620   IND ID:ST-V5U2Q0W3M9B2              IND NAME:GABRIEL GOERTZEN TRN: 1716830844TC",2670.29,ACH_CREDIT,6445.93,,
DEBIT,06/18/2025,"TWILIO INC TWILIO.COM CA                     06/17",-92.34,DEBIT_CARD,3775.64,,
DEBIT,06/17/2025,"HIGHLEVEL INC. GOHIGHLEVEL.C TX              06/17",-100.00,DEBIT_CARD,3867.98,,
DEBIT,06/17/2025,"M&M HELTON ENTERPRIS HOTPROSPECTOR NV        06/16",-40.00,DEBIT_CARD,3967.98,,
DEBIT,06/17/2025,"CLOSEBOT.AI WWW.CLOSEBOT. WA                 06/16",-197.00,DEBIT_CARD,4007.98,,
CREDIT,06/16/2025,"ORIG CO NAME:STRIPE                 ORIG ID:1800948598 DESC DATE:       CO ENTRY DESCR:TRANSFER  SEC:CCD    TRACE#:091000013925586 EED:250616   IND ID:ST-A0C7J4Y6R9M7              IND NAME:GABRIEL GOERTZEN TRN: 1673925586TC",6050.23,ACH_CREDIT,4204.98,,
DEBIT,06/13/2025,"PK MEDIA LLC 120-64369549 WA                 06/12",-750.00,DEBIT_CARD,-1845.25,,
DEBIT,06/13/2025,"TWILIO INC TWILIO.COM CA                     06/12",-90.84,DEBIT_CARD,-1095.25,,
DEBIT,06/12/2025,"OVERDRAFT FEE FOR A $100.00 RECURRING CARD PURCHASE - DETAILS:       0610HIGHLEVEL INC. GOHIGHLEVEL.C TX      0############9655                                                                                           01247",-34.00,FEE_TRANSACTION,-1004.41,,
CREDIT,06/12/2025,"ORIG CO NAME:STRIPE                 ORIG ID:4270465600 DESC DATE:       CO ENTRY DESCR:TRANSFER  SEC:CCD    TRACE#:111000020567240 EED:250612   IND ID:ST-S7O1N6L3S7E5              IND NAME:GABRIEL GOERTZEN TRN: 1630567240TC",920.70,ACH_CREDIT,-970.41,,
DEBIT,06/11/2025,"OVERDRAFT FEE FOR A $85.67 ITEM - DETAILS: ORIG CO NAME:WAIZMEDIA LLC          ORIG ID:1800948598 DESC DATE:       CO ENTRY DESCR:Stripe CapSEC:CCD    TRACE#:091000016132702 EED:250610   IND ID:ST-F5Z4R6A6Q4X4              IND NAME:GABRIEL GOERTZEN TRN: 1616132702TC",-34.00,FEE_TRANSACTION,-1891.11,,
DEBIT,06/11/2025,"HIGHLEVEL INC. GOHIGHLEVEL.C TX              06/10",-100.00,DEBIT_CARD,-1857.11,,
DEBIT,06/10/2025,"OVERDRAFT FEE FOR A $945.00 ITEM - DETAILS: ORIG CO NAME:Wise Inc               ORIG ID:9453233521 DESC DATE:250609 CO ENTRY DESCR:WISE      SEC:CCD    TRACE#:021000028785617 EED:250609   IND ID:TrnWise                      IND NAME:Waiz Media                                                                                                   73570386",-34.00,FEE_TRANSACTION,-1757.11,,
DEBIT,06/10/2025,"OVERDRAFT FEE FOR A $1,000.00 ITEM - DETAILS: ORIG CO NAME:Wise Inc               ORIG ID:9453233521 DESC DATE:250609 CO ENTRY DESCR:WISE      SEC:CCD    TRACE#:021000028785689 EED:250609   IND ID:Sent via Wise                IND NAME:Waiz Media                                                                                                   735712",-34.00,FEE_TRANSACTION,-1723.11,,
DEBIT,06/10/2025,"ORIG CO NAME:WAIZMEDIA LLC          ORIG ID:1800948598 DESC DATE:       CO ENTRY DESCR:Stripe CapSEC:CCD    TRACE#:091000016132702 EED:250610   IND ID:ST-F5Z4R6A6Q4X4              IND NAME:GABRIEL GOERTZEN TRN: 1616132702TC",-85.67,ACH_DEBIT,-1689.11,,
DEBIT,06/09/2025,"ORIG CO NAME:Wise Inc               ORIG ID:9453233521 DESC DATE:250609 CO ENTRY DESCR:WISE      SEC:CCD    TRACE#:021000028785617 EED:250609   IND ID:TrnWise                      IND NAME:Waiz Media                                                                                                   73570386 TRN: 1608785617TC",-945.00,MISC_DEBIT,-1603.44,,
DEBIT,06/09/2025,"ORIG CO NAME:Wise Inc               ORIG ID:9453233521 DESC DATE:250609 CO ENTRY DESCR:WISE      SEC:CCD    TRACE#:021000028785689 EED:250609   IND ID:Sent via Wise                IND NAME:Waiz Media                                                                                                   73571292 TRN: 1608785689TC",-1000.00,MISC_DEBIT,-658.44,,
DEBIT,06/09/2025,"ORIG CO NAME:Wise Inc               ORIG ID:9453233521 DESC DATE:250609 CO ENTRY DESCR:WISE      SEC:CCD    TRACE#:021000028785683 EED:250609   IND ID:TrnWise                      IND NAME:Waiz Media                                                                                                   73571225 TRN: 1608785683TC",-1268.64,MISC_DEBIT,341.56,,
DEBIT,06/09/2025,"SENDBLUE.COM WWW.SENDBLUE. DE                06/09",-500.00,DEBIT_CARD,1610.20,,
DEBIT,06/09/2025,"SENDBLUE.COM WWW.SENDBLUE. DE                06/09",-1000.00,DEBIT_CARD,2110.20,,
DEBIT,06/09/2025,"ENZYM MEDIA LLC ENZYMMEDIA.CO WY             06/07",-490.00,DEBIT_CARD,3110.20,,
DEBIT,06/09/2025,"SLACK T07E9KEFKEH SLACK.COM CA               06/07",-69.43,DEBIT_CARD,3600.20,,
DEBIT,06/09/2025,"M&M HELTON ENTERPRIS HOTPROSPECTOR NV        06/07",-497.00,DEBIT_CARD,3669.63,,
DEBIT,06/09/2025,"TWILIO INC TWILIO.COM CA                     06/06",-90.03,DEBIT_CARD,4166.63,,
DEBIT,06/06/2025,"HIGHLEVEL INC. GOHIGHLEVEL.C TX              06/06",-100.00,DEBIT_CARD,4256.66,,
CREDIT,06/06/2025,"REAL TIME PAYMENT CREDIT RECD FROM ABA/CONTR BNK-121000248  FROM: BNF-STRIPE PAYMENTS COMPANY REF: ST-ESO8YXDYAET1REWCE INFO: TEXT-RmtInf-ST-ESO8YXDYAET1REWCEV3V WAIZMEDIA LLC IID: 20250606121000248P1BPFAS49189227290 RECD: 21:04:45 TRN: 2264832157GE",4082.96,MISC_CREDIT,4356.66,,
DEBIT,06/05/2025,"ORIG CO NAME:Wise Inc               ORIG ID:9453233521 DESC DATE:250605 CO ENTRY DESCR:WISE      SEC:CCD    TRACE#:021000022198983 EED:250605   IND ID:Sent via Wise                IND NAME:Waiz Media                                                                                                   73448179 TRN: 1562198983TC",-257.23,MISC_DEBIT,273.70,,
DEBIT,06/04/2025,"ORIG CO NAME:Wise Inc               ORIG ID:9453233521 DESC DATE:250604 CO ENTRY DESCR:WISE      SEC:CCD    TRACE#:021000028630595 EED:250604   IND ID:TrnWise                      IND NAME:Waiz Media                                                                                                   73405853 TRN: 1558630595TC",-51.00,MISC_DEBIT,530.93,,
DEBIT,06/04/2025,"ORIG CO NAME:Wise Inc               ORIG ID:9453233521 DESC DATE:250604 CO ENTRY DESCR:WISE      SEC:CCD    TRACE#:021000028630585 EED:250604   IND ID:TrnWise                      IND NAME:Waiz Media                                                                                                   73405786 TRN: 1558630585TC",-73.00,MISC_DEBIT,581.93,,
DEBIT,06/04/2025,"ORIG CO NAME:Wise Inc               ORIG ID:9453233521 DESC DATE:250604 CO ENTRY DESCR:WISE      SEC:CCD    TRACE#:021000028630633 EED:250604   IND ID:Sent via Wise                IND NAME:Waiz Media                                                                                                   73406320 TRN: 1558630633TC",-75.00,MISC_DEBIT,654.93,,
DEBIT,06/04/2025,"ORIG CO NAME:Wise Inc               ORIG ID:9453233521 DESC DATE:250604 CO ENTRY DESCR:WISE      SEC:CCD    TRACE#:021000028630643 EED:250604   IND ID:TrnWise                      IND NAME:Waiz Media                                                                                                   73406518 TRN: 1558630643TC",-300.00,MISC_DEBIT,729.93,,
DEBIT,06/04/2025,"TWILIO INC TWILIO.COM CA                     06/04",-90.04,DEBIT_CARD,1029.93,,
DEBIT,06/03/2025,"ORIG CO NAME:Wise Inc               ORIG ID:9453233521 DESC DATE:250603 CO ENTRY DESCR:WISE      SEC:CCD    TRACE#:021000020949289 EED:250603   IND ID:TrnWise                      IND NAME:Waiz Media                                                                                                   73337608 TRN: 1540949289TC",-205.22,MISC_DEBIT,1119.97,,
DEBIT,06/03/2025,"ORIG CO NAME:Wise Inc               ORIG ID:9453233521 DESC DATE:250603 CO ENTRY DESCR:WISE      SEC:CCD    TRACE#:021000020722006 EED:250603   IND ID:Sent via Wise                IND NAME:Waiz Media                                                                                                   73316221 TRN: 1540722006TC",-204.30,MISC_DEBIT,1325.19,,
DEBIT,06/03/2025,"ORIG CO NAME:Wise Inc               ORIG ID:9453233521 DESC DATE:250603 CO ENTRY DESCR:WISE      SEC:CCD    TRACE#:021000020722488 EED:250603   IND ID:Sent via Wise                IND NAME:Waiz Media                                                                                                   73316577 TRN: 1540722488TC",-236.00,MISC_DEBIT,1529.49,,
DEBIT,06/03/2025,"ORIG CO NAME:WAIZMEDIA LLC          ORIG ID:1800948598 DESC DATE:       CO ENTRY DESCR:Stripe CapSEC:CCD    TRACE#:091000015030133 EED:250603   IND ID:ST-Z4J4I5D6E1J0              IND NAME:GABRIEL GOERTZEN TRN: 1545030133TC",-310.67,ACH_DEBIT,1765.49,,
DEBIT,06/03/2025,"HIGHLEVEL INC. GOHIGHLEVEL.C TX              06/03",-100.00,DEBIT_CARD,2076.16,,
CREDIT,06/03/2025,"REAL TIME TRANSFER RECD FROM ABA/CONTR BNK-021000021  FROM: BNF-Giannara Andrea Ferreira Gobbi Via  REF: 1360439873-GIANNARA  INFO: TEXT-  IID: 20250603021000021P1BRJPC03040234897 RECD: 20:19:00 TRN: 1832832154GA BREF: e0d5df48-d6d5-41ce-a336-911012e384a",192.96,MISC_CREDIT,2176.16,,
DEBIT,06/02/2025,"Online Realtime Transfer to Gabes Personal  6302 transaction#: 24960932659 reference#: 9960932659RX 06/02",-800.00,ACCT_XFER,1983.20,,
DEBIT,06/02/2025,"PK MEDIA LLC 120-64369549 WA                 05/30",-600.00,DEBIT_CARD,2783.20,,
DEBIT,05/30/2025,"WWW.MAKE.COM WWW.MAKE.COM NY                 05/30",-64.71,DEBIT_CARD,3383.20,,
DEBIT,05/30/2025,"WWW.MAKE.COM WWW.MAKE.COM NY                 05/29",-10.50,DEBIT_CARD,3447.91,,
DEBIT,05/30/2025,"HIGHLEVEL INC. GOHIGHLEVEL.C TX              05/29",-100.00,DEBIT_CARD,3458.41,,
DEBIT,05/30/2025,"TWILIO INC TWILIO.COM CA                     05/30",-90.02,DEBIT_CARD,3558.41,,
DEBIT,05/29/2025,"M&M HELTON ENTERPRIS HOTPROSPECTOR NV        05/28",-40.00,DEBIT_CARD,3648.43,,
DEBIT,05/28/2025,"STEALTH MANAGER STEALTHMANAGE FL             05/27",-600.00,DEBIT_CARD,3688.43,,
DEBIT,05/28/2025,"ADSPY LONDON                                 05/27",-149.00,DEBIT_CARD,4288.43,,
DEBIT,05/27/2025,"ORIG CO NAME:WAIZMEDIA LLC          ORIG ID:1800948598 DESC DATE:       CO ENTRY DESCR:Stripe CapSEC:CCD    TRACE#:091000010396650 EED:250527   IND ID:ST-J1P3P4S4Y2A8              IND NAME:GABRIEL GOERTZEN TRN: 1470396650TC",-260.67,ACH_DEBIT,4437.43,,
DEBIT,05/27/2025,"WWW.MAKE.COM WWW.MAKE.COM NY                 05/27",-10.50,DEBIT_CARD,4698.10,,
DEBIT,05/27/2025,"HIGHLEVEL INC. GOHIGHLEVEL.C TX              05/24",-100.00,DEBIT_CARD,4708.60,,
DEBIT,05/27/2025,"TWILIO INC TWILIO.COM CA                     05/23",-90.01,DEBIT_CARD,4808.60,,
DEBIT,05/23/2025,"WWW.MAKE.COM WWW.MAKE.COM NY                 05/22",-10.50,DEBIT_CARD,4898.61,,
CREDIT,05/23/2025,"ORIG CO NAME:STRIPE                 ORIG ID:4270465600 DESC DATE:       CO ENTRY DESCR:TRANSFER  SEC:CCD    TRACE#:111000029945129 EED:250523   IND ID:ST-R5D4D4P8A4X7              IND NAME:GABRIEL GOERTZEN TRN: 1439945129TC",920.70,ACH_CREDIT,4909.11,,
DEBIT,05/21/2025,"WEBFLOW.COM WEBFLOW.COM CA                   05/21",-29.00,DEBIT_CARD,3988.41,,
DEBIT,05/21/2025,"WWW.MAKE.COM WWW.MAKE.COM NY                 05/20",-10.50,DEBIT_CARD,4017.41,,
DEBIT,05/20/2025,"ORIG CO NAME:WAIZMEDIA LLC          ORIG ID:1800948598 DESC DATE:       CO ENTRY DESCR:Stripe CapSEC:CCD    TRACE#:091000016208765 EED:250520   IND ID:ST-V4T6Y8C3U9F0              IND NAME:GABRIEL GOERTZEN TRN: 1406208765TC",-143.17,ACH_DEBIT,4027.91,,
DEBIT,05/20/2025,"HIGHLEVEL INC. GOHIGHLEVEL.C TX              05/20",-100.00,DEBIT_CARD,4171.08,,
DEBIT,05/20/2025,"MIRO.COM MIRO.COM CA                         05/19",-10.00,DEBIT_CARD,4271.08,,
DEBIT,05/20/2025,"NOTION LABS, INC. NOTION.SO CA               05/19",-22.00,DEBIT_CARD,4281.08,,
DEBIT,05/20/2025,"TWILIO INC TWILIO.COM CA                     05/19",-90.01,DEBIT_CARD,4303.08,,
DEBIT,05/19/2025,"ORIG CO NAME:Wise Inc               ORIG ID:9453233521 DESC DATE:250519 CO ENTRY DESCR:WISE      SEC:CCD    TRACE#:021000026507589 EED:250519   IND ID:TrnWise                      IND NAME:Waiz Media                                                                                                   72433878 TRN: 1396507589TC",-500.00,MISC_DEBIT,4393.09,,
DEBIT,05/19/2025,"WWW.MAKE.COM WWW.MAKE.COM NY                 05/19",-10.50,DEBIT_CARD,4893.09,,
DEBIT,05/19/2025,"HIGHLEVEL AGENCY SUB GOHIGHLEVEL.C TX        05/18",-295.59,DEBIT_CARD,4903.59,,
DEBIT,05/19/2025,"CLOSEBOT.AI WWW.CLOSEBOT. WA                 05/16",-197.00,DEBIT_CARD,5199.18,,
DEBIT,05/19/2025,"WWW.MAKE.COM WWW.MAKE.COM NY                 05/16",-10.50,DEBIT_CARD,5396.18,,
DEBIT,05/19/2025,"CLOSEBOT.AI WWW.CLOSEBOT. WA                 05/16",-20.02,DEBIT_CARD,5406.68,,
DEBIT,05/19/2025,"TWILIO INC TWILIO.COM CA                     05/16",-90.05,DEBIT_CARD,5426.70,,
CREDIT,05/19/2025,"ORIG CO NAME:STRIPE                 ORIG ID:1800948598 DESC DATE:       CO ENTRY DESCR:TRANSFER  SEC:CCD    TRACE#:091000011884434 EED:250519   IND ID:ST-P1V0R3F3O8P7              IND NAME:GABRIEL GOERTZEN TRN: 1391884434TC",1381.20,ACH_CREDIT,5516.75,,
DEBIT,05/16/2025,"ORIG CO NAME:Wise Inc               ORIG ID:9453233521 DESC DATE:250516 CO ENTRY DESCR:WISE      SEC:CCD    TRACE#:021000022430861 EED:250516   IND ID:TrnWise                      IND NAME:Waiz Media                                                                                                   72304242 TRN: 1362430861TC",-300.00,MISC_DEBIT,4135.55,,
DEBIT,05/15/2025,"HIGHLEVEL INC. GOHIGHLEVEL.C TX              05/15",-100.00,DEBIT_CARD,4435.55,,
CREDIT,05/15/2025,"ORIG CO NAME:STRIPE                 ORIG ID:4270465600 DESC DATE:       CO ENTRY DESCR:TRANSFER  SEC:CCD    TRACE#:111000020550418 EED:250515   IND ID:ST-M4Q5K4P3P9H5              IND NAME:GABRIEL GOERTZEN TRN: 1350550418TC",1694.30,ACH_CREDIT,4535.55,,
DEBIT,05/13/2025,"Online Realtime Transfer to Gabes Personal  6302 transaction#: 24748599668 reference#: 9748599668RX 05/13",-500.00,ACCT_XFER,2841.25,,
DEBIT,05/13/2025,"ORIG CO NAME:WAIZMEDIA LLC          ORIG ID:1800948598 DESC DATE:       CO ENTRY DESCR:Stripe CapSEC:CCD    TRACE#:091000010182985 EED:250513   IND ID:ST-U6V2P7H0H3K2              IND NAME:GABRIEL GOERTZEN TRN: 1330182985TC",-310.67,ACH_DEBIT,3341.25,,
DEBIT,05/12/2025,"ORIG CO NAME:Wise Inc               ORIG ID:9453233521 DESC DATE:250512 CO ENTRY DESCR:WISE      SEC:CCD    TRACE#:021000023637218 EED:250512   IND ID:TrnWise                      IND NAME:Waiz Media                                                                                                   71981830 TRN: 1323637218TC",-800.00,MISC_DEBIT,3651.92,,
DEBIT,05/12/2025,"ORIG CO NAME:Wise Inc               ORIG ID:9453233521 DESC DATE:250512 CO ENTRY DESCR:WISE      SEC:CCD    TRACE#:021000023637172 EED:250512   IND ID:TrnWise                      IND NAME:Waiz Media                                                                                                   71981469 TRN: 1323637172TC",-820.00,MISC_DEBIT,4451.92,,
DEBIT,05/12/2025,"ORIG CO NAME:Wise Inc               ORIG ID:9453233521 DESC DATE:250512 CO ENTRY DESCR:WISE      SEC:CCD    TRACE#:021000023637214 EED:250512   IND ID:Sent via Wise                IND NAME:Waiz Media                                                                                                   71981797 TRN: 1323637214TC",-1000.00,MISC_DEBIT,5271.92,,
DEBIT,05/12/2025,"HIGHLEVEL INC. GOHIGHLEVEL.C TX              05/10",-100.00,DEBIT_CARD,6271.92,,
DEBIT,05/12/2025,"TWILIO INC TWILIO.COM CA                     05/10",-90.01,DEBIT_CARD,6371.92,,
DEBIT,05/12/2025,"M&M HELTON ENTERPRIS HOTPROSPECTOR NV        05/09",-40.00,DEBIT_CARD,6461.93,,
DEBIT,05/09/2025,"ORIG CO NAME:Wise Inc               ORIG ID:9453233521 DESC DATE:250509 CO ENTRY DESCR:WISE      SEC:CCD    TRACE#:021000021887433 EED:250509   IND ID:TrnWise                      IND NAME:Waiz Media                                                                                                   71908869 TRN: 1291887433TC",-200.00,MISC_DEBIT,6501.93,,
DEBIT,05/08/2025,"FANBASIS* STEAL MY AG FANBASIS.COM FL        05/08",-500.00,DEBIT_CARD,6701.93,,
DEBIT,05/08/2025,"SENDBLUE.COM WWW.SENDBLUE. DE                05/07",-500.00,DEBIT_CARD,7201.93,,
DEBIT,05/07/2025,"SLACK T07E9KEFKEH SLACK.COM CA               05/07",-73.80,DEBIT_CARD,7701.93,,
DEBIT,05/07/2025,"M&M HELTON ENTERPRIS HOTPROSPECTOR NV        05/07",-497.00,DEBIT_CARD,7775.73,,
DEBIT,05/06/2025,"ORIG CO NAME:WAIZMEDIA LLC          ORIG ID:1800948598 DESC DATE:       CO ENTRY DESCR:Stripe CapSEC:CCD    TRACE#:091000016077836 EED:250506   IND ID:ST-A9P8Z3U9M7N6              IND NAME:GABRIEL GOERTZEN TRN: 1266077836TC",-279.92,ACH_DEBIT,8272.73,,
DEBIT,05/06/2025,"HIGHLEVEL INC. GOHIGHLEVEL.C TX              05/05",-100.00,DEBIT_CARD,8552.65,,
DEBIT,05/06/2025,"ENZYM MEDIA LLC ENZYMMEDIA.CO WY             05/05",-700.00,DEBIT_CARD,8652.65,,
CREDIT,05/06/2025,"ORIG CO NAME:STRIPE                 ORIG ID:1800948598 DESC DATE:       CO ENTRY DESCR:TRANSFER  SEC:CCD    TRACE#:091000016695868 EED:250506   IND ID:ST-U4K5Y5O7N6Z6              IND NAME:GABRIEL GOERTZEN TRN: 1266695868TC",566.11,ACH_CREDIT,9352.65,,
DEBIT,05/05/2025,"M&M HELTON ENTERPRIS HOTPROSPECTOR NV        05/02",-40.00,DEBIT_CARD,8786.54,,
DEBIT,05/02/2025,"TWILIO INC TWILIO.COM CA                     05/02",-90.06,DEBIT_CARD,8826.54,,
DEBIT,05/01/2025,"HIGHLEVEL INC. GOHIGHLEVEL.C TX              04/30",-100.00,DEBIT_CARD,8916.60,,
DEBIT,04/30/2025,"MONTHLY SERVICE FEE",-15.00,FEE_TRANSACTION,9016.60,,
DEBIT,04/30/2025,"ORIG CO NAME:Wise Inc               ORIG ID:9453233521 DESC DATE:250430 CO ENTRY DESCR:WISE      SEC:CCD    TRACE#:021000023467238 EED:250430   IND ID:TrnWise                      IND NAME:Waiz Media                                                                                                   71318950 TRN: 1203467238TC",-2000.00,MISC_DEBIT,9031.60,,
DEBIT,04/30/2025,"WWW.MAKE.COM WWW.MAKE.COM NY                 04/30",-64.71,DEBIT_CARD,11031.60,,
DEBIT,04/30/2025,"M&M HELTON ENTERPRIS HOTPROSPECTOR NV        04/29",-40.00,DEBIT_CARD,11096.31,,
DEBIT,04/29/2025,"ORIG CO NAME:Upwork Escrow In       ORIG ID:6371551996 DESC DATE:       CO ENTRY DESCR:EDI PYMNTSSEC:CCD    TRACE#:091000018793819 EED:250429   IND ID:ACD802088455                 IND NAME:Gabriel Goertzen                                                                                             EDI TRN: 1198793819TC",-215.99,MISC_DEBIT,11136.31,,
DEBIT,04/29/2025,"ORIG CO NAME:WAIZMEDIA LLC          ORIG ID:1800948598 DESC DATE:       CO ENTRY DESCR:Stripe CapSEC:CCD    TRACE#:091000018189984 EED:250429   IND ID:ST-R7Q7X7B8H4Y7              IND NAME:GABRIEL GOERTZEN TRN: 1198189984TC",-290.67,ACH_DEBIT,11352.30,,
DEBIT,04/28/2025,"WWW.MAKE.COM WWW.MAKE.COM NY                 04/28",-11.10,DEBIT_CARD,11642.97,,
DEBIT,04/28/2025,"ADSPY LONDON                                 04/27",-149.00,DEBIT_CARD,11654.07,,
DEBIT,04/28/2025,"WEBFLOW.COM WEBFLOW.COM CA                   04/26",-79.00,DEBIT_CARD,11803.07,,
DEBIT,04/28/2025,"HIGHLEVEL INC. GOHIGHLEVEL.C TX              04/25",-100.00,DEBIT_CARD,11882.07,,
DEBIT,04/28/2025,"STEALTH MANAGER STEALTHMANAGE FL             04/25",-600.00,DEBIT_CARD,11982.07,,
DEBIT,04/25/2025,"TFU/CALLCENTERMASTERY HIGH WYCOMBE           04/25",-199.00,DEBIT_CARD,12582.07,,
CREDIT,04/25/2025,"ORIG CO NAME:STRIPE                 ORIG ID:1800948598 DESC DATE:       CO ENTRY DESCR:TRANSFER  SEC:CCD    TRACE#:091000019777657 EED:250425   IND ID:ST-Y9P1U2K5F0L6              IND NAME:GABRIEL GOERTZEN TRN: 1159777657TC",368.10,ACH_CREDIT,12781.07,,
DEBIT,04/24/2025,"WWW.MAKE.COM WWW.MAKE.COM NY                 04/24",-11.10,DEBIT_CARD,12412.97,,
DEBIT,04/24/2025,"TWILIO INC TWILIO.COM CA                     04/23",-90.10,DEBIT_CARD,12424.07,,
DEBIT,04/23/2025,"M&M HELTON ENTERPRIS HOTPROSPECTOR NV        04/22",-40.00,DEBIT_CARD,12514.17,,
DEBIT,04/23/2025,"WWW.MAKE.COM WWW.MAKE.COM NY                 04/22",-11.10,DEBIT_CARD,12554.17,,
CREDIT,04/23/2025,"ORIG CO NAME:STRIPE                 ORIG ID:4270465600 DESC DATE:       CO ENTRY DESCR:TRANSFER  SEC:CCD    TRACE#:111000024406635 EED:250423   IND ID:ST-M5N2D9U2L0G5              IND NAME:GABRIEL GOERTZEN TRN: 1134406635TC",2037.78,ACH_CREDIT,12565.27,,
DEBIT,04/22/2025,"BACKSTAGE.COM BACKSTAGE.COM NY               04/22",-34.95,DEBIT_CARD,10527.49,,
CREDIT,04/22/2025,"ORIG CO NAME:STRIPE                 ORIG ID:4270465600 DESC DATE:       CO ENTRY DESCR:TRANSFER  SEC:CCD    TRACE#:111000025042154 EED:250422   IND ID:ST-L9D0T3X8W4F8              IND NAME:GABRIEL GOERTZEN TRN: 1125042154TC",8641.60,ACH_CREDIT,10562.44,,
DEBIT,04/21/2025,"ORIG CO NAME:Wise Inc               ORIG ID:9453233521 DESC DATE:250421 CO ENTRY DESCR:WISE      SEC:CCD    TRACE#:021000022503201 EED:250421   IND ID:TrnWise                      IND NAME:Waiz Media                                                                                                   70835486 TRN: 1112503201TC",-66.00,MISC_DEBIT,1920.84,,
DEBIT,04/21/2025,"ORIG CO NAME:Wise Inc               ORIG ID:9453233521 DESC DATE:250421 CO ENTRY DESCR:WISE      SEC:CCD    TRACE#:021000022503197 EED:250421   IND ID:TrnWise                      IND NAME:Waiz Media                                                                                                   70835438 TRN: 1112503197TC",-75.00,MISC_DEBIT,1986.84,,
DEBIT,04/21/2025,"ORIG CO NAME:Wise Inc               ORIG ID:9453233521 DESC DATE:250421 CO ENTRY DESCR:WISE      SEC:CCD    TRACE#:021000022503185 EED:250421   IND ID:Sent via Wise                IND NAME:Waiz Media                                                                                                   70835289 TRN: 1112503185TC",-90.00,MISC_DEBIT,2061.84,,
DEBIT,04/21/2025,"Online Realtime Transfer to Gabes Personal  6302 transaction#: 24496046152 reference#: 9496046152RX 04/21",-5000.00,ACCT_XFER,2151.84,,
DEBIT,04/21/2025,"NOTION LABS, INC. NOTION.SO CA               04/19",-22.00,DEBIT_CARD,7151.84,,
DEBIT,04/21/2025,"KRISPCALL MELBOURNE                          04/19",-15.00,DEBIT_CARD,7173.84,,
DEBIT,04/21/2025,"HIGHLEVEL INC. GOHIGHLEVEL.C TX              04/19",-100.00,DEBIT_CARD,7188.84,,
DEBIT,04/21/2025,"HIGHLEVEL AGENCY SUB GOHIGHLEVEL.C TX        04/18",-297.00,DEBIT_CARD,7288.84,,
DEBIT,04/21/2025,"POPPY AI GETPOPPY.AI CA                      04/18",-374.00,DEBIT_CARD,7585.84,,
DEBIT,04/21/2025,"WWW.MAKE.COM WWW.MAKE.COM NY                 04/18",-11.10,DEBIT_CARD,7959.84,,
DEBIT,04/21/2025,"TRYRAZ.COM WWW.TRYRAZ.CO DE                  04/18",-1000.00,DEBIT_CARD,7970.94,,
DEBIT,04/21/2025,"PK MEDIA LLC WWW.PKMEDIASE WA                04/18",-1000.00,DEBIT_CARD,8970.94,,
DEBIT,04/17/2025,"CLOSEBOT.AI WWW.CLOSEBOT. WA                 04/16",-5.13,DEBIT_CARD,9970.94,,
DEBIT,04/17/2025,"M&M HELTON ENTERPRIS HOTPROSPECTOR NV        04/16",-40.00,DEBIT_CARD,9976.07,,
DEBIT,04/16/2025,"ORIG CO NAME:Wise Inc               ORIG ID:9453233521 DESC DATE:250416 CO ENTRY DESCR:WISE      SEC:CCD    TRACE#:021000028849595 EED:250416   IND ID:TrnWise                      IND NAME:Waiz Media                                                                                                   70569064 TRN: 1068849595TC",-800.00,MISC_DEBIT,10016.07,,
CREDIT,04/16/2025,"ORIG CO NAME:STRIPE                 ORIG ID:1800948598 DESC DATE:       CO ENTRY DESCR:TRANSFER  SEC:CCD    TRACE#:091000010384956 EED:250416   IND ID:ST-V4X1G0N0I4V2              IND NAME:GABRIEL GOERTZEN TRN: 1060384956TC",28.67,ACH_CREDIT,10816.07,,
CREDIT,04/16/2025,"ORIG CO NAME:STRIPE                 ORIG ID:6270465600 DESC DATE:       CO ENTRY DESCR:TRANSFER  SEC:CCD    TRACE#:091000010384466 EED:250416   IND ID:ST-E4K9Y7P9F6Q0              IND NAME:GABRIEL GOERTZEN TRN: 1060384466TC",11200.00,ACH_CREDIT,10787.40,,
DEBIT,04/15/2025,"OVERDRAFT FEE FOR A $10.00 RECURRING CARD PURCHASE - DETAILS:       0412HIGHLEVEL INC. GOHIGHLEVEL.C TX      0############9655                                                                                           01247",-34.00,FEE_TRANSACTION,-412.60,,
DEBIT,04/15/2025,"HIGHLEVEL INC. GOHIGHLEVEL.C TX              04/14",-100.00,DEBIT_CARD,-378.60,,
DEBIT,04/15/2025,"TWILIO INC TWILIO.COM CA                     04/14",-90.51,DEBIT_CARD,-278.60,,
DEBIT,04/14/2025,"HIGHLEVEL INC. GOHIGHLEVEL.C TX              04/12",-10.00,DEBIT_CARD,-188.09,,
DEBIT,04/11/2025,"OVERDRAFT FEE FOR A $100.00 RECURRING CARD PURCHASE - DETAILS:       0409HIGHLEVEL INC. GOHIGHLEVEL.C TX      0############9655                                                                                           01247",-34.00,FEE_TRANSACTION,-178.09,,
DEBIT,04/10/2025,"HIGHLEVEL INC. GOHIGHLEVEL.C TX              04/09",-100.00,DEBIT_CARD,-144.09,,
DEBIT,04/10/2025,"M&M HELTON ENTERPRIS HOTPROSPECTOR NV        04/09",-40.00,DEBIT_CARD,-44.09,,
DEBIT,04/09/2025,"OPUS VIRTUAL OFFICES L 561-9886900 FL        04/08",-99.00,DEBIT_CARD,-4.09,,
DEBIT,04/08/2025,"FANBASIS* STEAL MY AG FANBASIS.COM FL        04/08",-500.00,DEBIT_CARD,94.91,,
DEBIT,04/08/2025,"WWW.MAKE.COM WWW.MAKE.COM NY                 04/08",-34.12,DEBIT_CARD,594.91,,
DEBIT,04/07/2025,"SLACK T07E9KEFKEH SLACK.COM CA               04/07",-38.38,DEBIT_CARD,629.03,,
DEBIT,04/07/2025,"ORIG CO NAME:STRIPE                 ORIG ID:4270465600 DESC DATE:       CO ENTRY DESCR:TRANSFER  SEC:CCD    TRACE#:111000029223237 EED:250407   IND ID:ST-A4Y5V5O1X4Q2              IND NAME:GABRIEL GOERTZEN TRN: 0979223237TC",-2100.00,ACH_DEBIT,667.41,,
DEBIT,04/07/2025,"M&M HELTON ENTERPRIS HOTPROSPECTOR NV        04/07",-497.00,DEBIT_CARD,2767.41,,
DEBIT,04/07/2025,"WWW.MAKE.COM WWW.MAKE.COM NY                 04/06",-10.20,DEBIT_CARD,3264.41,,
DEBIT,04/04/2025,"ORIG CO NAME:Wise Inc               ORIG ID:9453233521 DESC DATE:250404 CO ENTRY DESCR:WISE      SEC:CCD    TRACE#:021000022929549 EED:250404   IND ID:Sent via Wise                IND NAME:Waiz Media                                                                                                   69924188 TRN: 0942929549TC",-2300.00,MISC_DEBIT,3274.61,,
DEBIT,04/04/2025,"HIGHLEVEL INC. GOHIGHLEVEL.C TX              04/04",-100.00,DEBIT_CARD,5574.61,,
CREDIT,04/04/2025,"ORIG CO NAME:STRIPE                 ORIG ID:4270465600 DESC DATE:       CO ENTRY DESCR:TRANSFER  SEC:CCD    TRACE#:111000025294975 EED:250404   IND ID:ST-N0T4W2N5V7I1              IND NAME:GABRIEL GOERTZEN TRN: 0945294975TC",4466.00,ACH_CREDIT,5674.61,,
DEBIT,04/03/2025,"TWILIO INC TWILIO.COM CA                     04/02",-90.04,DEBIT_CARD,1208.61,,
DEBIT,04/02/2025,"WWW.MAKE.COM WWW.MAKE.COM NY                 04/02",-11.10,DEBIT_CARD,1298.65,,
DEBIT,04/01/2025,"M&M HELTON ENTERPRIS HOTPROSPECTOR NV        03/31",-40.00,DEBIT_CARD,1309.75,,
DEBIT,04/01/2025,"M&M HELTON ENTERPRIS HOTPROSPECTOR NV        03/31",-40.00,DEBIT_CARD,1349.75,,
DEBIT,03/31/2025,"MONTHLY SERVICE FEE",-15.00,FEE_TRANSACTION,1389.75,,
DEBIT,03/31/2025,"HIGHLEVEL INC. GOHIGHLEVEL.C TX              03/30",-100.00,DEBIT_CARD,1404.75,,
DEBIT,03/31/2025,"WWW.MAKE.COM WWW.MAKE.COM NY                 03/28",-11.10,DEBIT_CARD,1504.75,,
DEBIT,03/28/2025,"ORIG CO NAME:Wise Inc               ORIG ID:9453233521 DESC DATE:250328 CO ENTRY DESCR:WISE      SEC:CCD    TRACE#:021000023174830 EED:250328   IND ID:TrnWise                      IND NAME:Waiz Media                                                                                                   69483758 TRN: 0873174830TC",-143.16,MISC_DEBIT,1515.85,,
DEBIT,03/28/2025,"Online Realtime Transfer to Gabes Personal  6302 transaction#: 24209483964 reference#: 9209483964RX 03/28",-1000.00,ACCT_XFER,1659.01,,
DEBIT,03/28/2025,"Online Realtime Transfer to Gabes Personal  6302 transaction#: 24209450933 reference#: 9209450933RX 03/28",-1000.00,ACCT_XFER,2659.01,,
DEBIT,03/27/2025,"ORIG CO NAME:STRIPE                 ORIG ID:1800948598 DESC DATE:       CO ENTRY DESCR:TRANSFER  SEC:CCD    TRACE#:091000016746648 EED:250327   IND ID:ST-S1O8R9C3J1Z7              IND NAME:GABRIEL GOERTZEN TRN: 0866746648TC",-1450.00,ACH_DEBIT,3659.01,,
DEBIT,03/26/2025,"ORIG CO NAME:STRIPE                 ORIG ID:1800948598 DESC DATE:       CO ENTRY DESCR:TRANSFER  SEC:CCD    TRACE#:091000014296326 EED:250326   IND ID:ST-A7B5J9N0B1E4              IND NAME:GABRIEL GOERTZEN TRN: 0854296326TC",-2100.00,ACH_DEBIT,5109.01,,
DEBIT,03/26/2025,"WWW.MAKE.COM WWW.MAKE.COM NY                 03/25",-11.10,DEBIT_CARD,7209.01,,
DEBIT,03/25/2025,"TFU/CALLCENTERMASTERY HIGH WYCOMBE           03/25",-199.00,DEBIT_CARD,7220.11,,
DEBIT,03/25/2025,"HIGHLEVEL INC. GOHIGHLEVEL.C TX              03/24",-100.00,DEBIT_CARD,7419.11,,
CREDIT,03/24/2025,"ORIG CO NAME:STRIPE                 ORIG ID:1800948598 DESC DATE:       CO ENTRY DESCR:TRANSFER  SEC:CCD    TRACE#:091000018482256 EED:250324   IND ID:ST-S1E2W5A1R3I1              IND NAME:GABRIEL GOERTZEN TRN: 0838482256TC",2028.30,ACH_CREDIT,7519.11,,
DEBIT,03/21/2025,"WWW.MAKE.COM WWW.MAKE.COM NY                 03/21",-11.10,DEBIT_CARD,5490.81,,
DEBIT,03/20/2025,"NOTION LABS, INC. NOTION.SO CA               03/19",-22.00,DEBIT_CARD,5501.91,,
DEBIT,03/20/2025,"HIGHLEVEL INC. GOHIGHLEVEL.C TX              03/19",-100.00,DEBIT_CARD,5523.91,,
DEBIT,03/19/2025,"HIGHLEVEL AGENCY SUB GOHIGHLEVEL.C TX        03/18",-297.00,DEBIT_CARD,5623.91,,
DEBIT,03/18/2025,"ORIG CO NAME:Wise Inc               ORIG ID:9453233521 DESC DATE:250318 CO ENTRY DESCR:WISE      SEC:CCD    TRACE#:021000022153805 EED:250318   IND ID:Sent via Wise                IND NAME:Waiz Media                                                                                                   68939782 TRN: 0772153805TC",-400.00,MISC_DEBIT,5920.91,,
DEBIT,03/18/2025,"TWILIO INC TWILIO.COM CA                     03/17",-90.70,DEBIT_CARD,6320.91,,
CREDIT,03/18/2025,"ORIG CO NAME:STRIPE                 ORIG ID:1800948598 DESC DATE:       CO ENTRY DESCR:TRANSFER  SEC:CCD    TRACE#:091000013133405 EED:250318   IND ID:ST-Z3O0P0R9N0O1              IND NAME:GABRIEL GOERTZEN TRN: 0773133405TC",4854.70,ACH_CREDIT,6411.61,,
DEBIT,03/17/2025,"ORIG CO NAME:Wise Inc               ORIG ID:9453233521 DESC DATE:250317 CO ENTRY DESCR:WISE      SEC:CCD    TRACE#:021000023095296 EED:250317   IND ID:Sent via Wise                IND NAME:Waiz Media                                                                                                   68798222 TRN: 0763095296TC",-352.93,MISC_DEBIT,1556.91,,
DEBIT,03/17/2025,"CLOSEBOT.AI WWW.CLOSEBOT. WA                 03/16",-397.00,DEBIT_CARD,1909.84,,
DEBIT,03/17/2025,"HIGHLEVEL INC. GOHIGHLEVEL.C TX              03/14",-100.00,DEBIT_CARD,2306.84,,
DEBIT,03/12/2025,"ORIG CO NAME:Wise Inc               ORIG ID:9453233521 DESC DATE:250312 CO ENTRY DESCR:WISE      SEC:CCD    TRACE#:021000024922531 EED:250312   IND ID:Sent via Wise                IND NAME:Waiz Media                                                                                                   68606933 TRN: 0714922531TC",-30.61,MISC_DEBIT,2406.84,,
DEBIT,03/12/2025,"ORIG CO NAME:Wise Inc               ORIG ID:9453233521 DESC DATE:250312 CO ENTRY DESCR:WISE      SEC:CCD    TRACE#:021000024922521 EED:250312   IND ID:Sent via Wise                IND NAME:Waiz Media                                                                                                   68606813 TRN: 0714922521TC",-33.57,MISC_DEBIT,2437.45,,
DEBIT,03/12/2025,"ORIG CO NAME:Wise Inc               ORIG ID:9453233521 DESC DATE:250312 CO ENTRY DESCR:WISE      SEC:CCD    TRACE#:021000024922513 EED:250312   IND ID:Sent via Wise                IND NAME:Waiz Media                                                                                                   68606747 TRN: 0714922513TC",-35.65,MISC_DEBIT,2471.02,,
DEBIT,03/12/2025,"HIGHLEVEL INC. GOHIGHLEVEL.C TX              03/11",-100.00,DEBIT_CARD,2506.67,,
DEBIT,03/11/2025,"Online Realtime Transfer to Gabes Personal  6302 transaction#: 24022772110 reference#: 9022772110RX 03/11",-2000.00,ACCT_XFER,2606.67,,
DEBIT,03/10/2025,"ORIG CO NAME:Wise Inc               ORIG ID:9453233521 DESC DATE:250310 CO ENTRY DESCR:WISE      SEC:CCD    TRACE#:021000026934890 EED:250310   IND ID:Sent via Wise                IND NAME:Waiz Media                                                                                                   68488366 TRN: 0696934890TC",-33.00,MISC_DEBIT,4606.67,,
DEBIT,03/10/2025,"ORIG CO NAME:Wise Inc               ORIG ID:9453233521 DESC DATE:250310 CO ENTRY DESCR:WISE      SEC:CCD    TRACE#:021000026934838 EED:250310   IND ID:Sent via Wise                IND NAME:Waiz Media                                                                                                   68486744 TRN: 0696934838TC",-480.00,MISC_DEBIT,4639.67,,
DEBIT,03/10/2025,"ORIG CO NAME:Wise Inc               ORIG ID:9453233521 DESC DATE:250310 CO ENTRY DESCR:WISE      SEC:CCD    TRACE#:021000026934826 EED:250310   IND ID:Sent via Wise                IND NAME:Waiz Media                                                                                                   68486570 TRN: 0696934826TC",-800.00,MISC_DEBIT,5119.67,,
DEBIT,03/10/2025,"ORIG CO NAME:Wise Inc               ORIG ID:9453233521 DESC DATE:250310 CO ENTRY DESCR:WISE      SEC:CCD    TRACE#:021000026934816 EED:250310   IND ID:Sent via Wise                IND NAME:Waiz Media                                                                                                   68486472 TRN: 0696934816TC",-1000.00,MISC_DEBIT,5919.67,,
DEBIT,03/10/2025,"OPUS VIRTUAL OFFICES L 561-9886900 FL        03/08",-99.00,DEBIT_CARD,6919.67,,
DEBIT,03/10/2025,"WWW.MAKE.COM WWW.MAKE.COM NY                 03/08",-34.12,DEBIT_CARD,7018.67,,
DEBIT,03/10/2025,"WWW.MAKE.COM WWW.MAKE.COM NY                 03/07",-11.10,DEBIT_CARD,7052.79,,
DEBIT,03/10/2025,"HIGHLEVEL INC. GOHIGHLEVEL.C TX              03/07",-100.00,DEBIT_CARD,7063.89,,
DEBIT,03/07/2025,"SLACK T07E9KEFKEH SLACK.COM CA               03/07",-52.50,DEBIT_CARD,7163.89,,
DEBIT,03/07/2025,"M&M HELTON ENTERPRIS HOTPROSPECTOR NV        03/07",-497.00,DEBIT_CARD,7216.39,,
CREDIT,03/04/2025,"ORIG CO NAME:STRIPE                 ORIG ID:1800948598 DESC DATE:       CO ENTRY DESCR:TRANSFER  SEC:CCD    TRACE#:091000015277640 EED:250304   IND ID:ST-X4V1Z4E2K6W5              IND NAME:GABRIEL GOERTZEN TRN: 0635277640TC",1844.60,ACH_CREDIT,7713.39,,
DEBIT,03/03/2025,"ORIG CO NAME:Wise Inc               ORIG ID:9453233521 DESC DATE:250303 CO ENTRY DESCR:WISE      SEC:CCD    TRACE#:021000028692963 EED:250303   IND ID:Sent via Wise                IND NAME:Waiz Media                                                                                                   68124098 TRN: 0628692963TC",-2000.00,MISC_DEBIT,5868.79,,
DEBIT,03/03/2025,"Online Realtime Transfer to Gabes Personal  6302 transaction#: 23903979125 reference#: 9903979125RX 03/03",-1000.00,ACCT_XFER,7868.79,,
DEBIT,03/03/2025,"WWW.MAKE.COM WWW.MAKE.COM NY                 03/01",-11.10,DEBIT_CARD,8868.79,,
DEBIT,03/03/2025,"HIGHLEVEL INC. GOHIGHLEVEL.C TX              02/28",-100.00,DEBIT_CARD,8879.89,,
DEBIT,03/03/2025,"TWILIO INC TWILIO.COM CA                     02/28",-90.02,DEBIT_CARD,8979.89,,
CREDIT,03/03/2025,"ORIG CO NAME:STRIPE                 ORIG ID:1800948598 DESC DATE:       CO ENTRY DESCR:TRANSFER  SEC:CCD    TRACE#:091000016566546 EED:250303   IND ID:ST-G4V1Q2V5Y4Q6              IND NAME:GABRIEL GOERTZEN TRN: 0626566546TC",2912.70,ACH_CREDIT,9069.91,,
DEBIT,02/28/2025,"MONTHLY SERVICE FEE",-15.00,FEE_TRANSACTION,6157.21,,
DEBIT,02/28/2025,"ORIG CO NAME:Wise Inc               ORIG ID:9453233521 DESC DATE:250228 CO ENTRY DESCR:WISE      SEC:CCD    TRACE#:021000028390592 EED:250228   IND ID:Sent via Wise                IND NAME:Waiz Media                                                                                                   67900847 TRN: 0598390592TC",-40.00,MISC_DEBIT,6172.21,,
DEBIT,02/28/2025,"ORIG CO NAME:Wise Inc               ORIG ID:9453233521 DESC DATE:250228 CO ENTRY DESCR:WISE      SEC:CCD    TRACE#:021000028390576 EED:250228   IND ID:Sent via Wise                IND NAME:Waiz Media                                                                                                   67900431 TRN: 0598390576TC",-50.00,MISC_DEBIT,6212.21,,
DEBIT,02/27/2025,"WWW.MAKE.COM WWW.MAKE.COM NY                 02/27",-11.10,DEBIT_CARD,6262.21,,
DEBIT,02/26/2025,"ORIG CO NAME:Wise Inc               ORIG ID:9453233521 DESC DATE:250226 CO ENTRY DESCR:WISE      SEC:CCD    TRACE#:021000023695257 EED:250226   IND ID:Sent via Wise                IND NAME:Waiz Media                                                                                                   67777949 TRN: 0573695257TC",-175.79,MISC_DEBIT,6273.31,,
DEBIT,02/25/2025,"TFU/CALLCENTERMASTERY HIGH WYCOMBE           02/25",-199.00,DEBIT_CARD,6449.10,,
DEBIT,02/25/2025,"WWW.MAKE.COM WWW.MAKE.COM NY                 02/24",-11.10,DEBIT_CARD,6648.10,,
DEBIT,02/24/2025,"ORIG CO NAME:Wise Inc               ORIG ID:9453233521 DESC DATE:250224 CO ENTRY DESCR:WISE      SEC:CCD    TRACE#:021000024180372 EED:250224   IND ID:TrnWise                      IND NAME:Waiz Media                                                                                                   67635113 TRN: 0554180372TC",-900.00,MISC_DEBIT,6659.20,,
DEBIT,02/24/2025,"Online Realtime Transfer to Gabes Personal  6302 transaction#: 23812578930 reference#: 9812578930RX 02/24",-1000.00,ACCT_XFER,7559.20,,
DEBIT,02/24/2025,"HIGHLEVEL INC. GOHIGHLEVEL.C TX              02/22",-100.00,DEBIT_CARD,8559.20,,
CREDIT,02/24/2025,"ORIG CO NAME:STRIPE                 ORIG ID:1800948598 DESC DATE:       CO ENTRY DESCR:TRANSFER  SEC:CCD    TRACE#:091000016115338 EED:250224   IND ID:ST-H0R3S5K7F6U8              IND NAME:GABRIEL GOERTZEN TRN: 0556115338TC",2028.30,ACH_CREDIT,8659.20,,
CREDIT,02/21/2025,"ORIG CO NAME:STRIPE                 ORIG ID:1800948598 DESC DATE:       CO ENTRY DESCR:TRANSFER  SEC:CCD    TRACE#:091000010893460 EED:250221   IND ID:ST-N6U0T4S3S8M2              IND NAME:GABRIEL GOERTZEN TRN: 0520893460TC",6117.00,ACH_CREDIT,6630.90,,
DEBIT,02/20/2025,"ORIG CO NAME:Wise Inc               ORIG ID:9453233521 DESC DATE:250220 CO ENTRY DESCR:WISE      SEC:CCD    TRACE#:021000023496871 EED:250220   IND ID:TrnWise                      IND NAME:Waiz Media                                                                                                   67495118 TRN: 0513496871TC",-300.00,MISC_DEBIT,513.90,,
DEBIT,02/20/2025,"Online Realtime Transfer to Gabes Personal  6302 transaction#: 23789999710 reference#: 9789999710RX 02/20",-500.00,ACCT_XFER,813.90,,
DEBIT,02/20/2025,"NOTION LABS, INC. WWW.NOTION.SO CA           02/19",-30.90,DEBIT_CARD,1313.90,,
DEBIT,02/19/2025,"HIGHLEVEL AGENCY SUB GOHIGHLEVEL.C TX        02/18",-297.00,DEBIT_CARD,1344.80,,
DEBIT,02/18/2025,"WWW.APPOINTWISE.IO BILLINGSHURST             02/17",-297.00,DEBIT_CARD,1641.80,,
DEBIT,02/18/2025,"TWILIO INC TWILIO.COM CA                     02/17",-90.73,DEBIT_CARD,1938.80,,
DEBIT,02/14/2025,"HIGHLEVEL INC. GOHIGHLEVEL.C TX              02/14",-100.00,DEBIT_CARD,2029.53,,
DEBIT,02/13/2025,"ORIG CO NAME:AMERICAN EXPRESS       ORIG ID:2005032111 DESC DATE:250213 CO ENTRY DESCR:ACH PMT   SEC:CCD    TRACE#:021000023580131 EED:250213   IND ID:W2992                        IND NAME:GABRIEL GOERTZEN                                                                                             ER AM TRN: 0443580131TC",-258.87,ACH_DEBIT,2129.53,,
DEBIT,02/12/2025,"ORIG CO NAME:Wise Inc               ORIG ID:9453233521 DESC DATE:250212 CO ENTRY DESCR:WISE      SEC:CCD    TRACE#:021000024771630 EED:250212   IND ID:TrnWise                      IND NAME:Waiz Media                                                                                                   67074526 TRN: 0434771630TC",-800.00,MISC_DEBIT,2388.40,,
DEBIT,02/12/2025,"ORIG CO NAME:Wise Inc               ORIG ID:9453233521 DESC DATE:250212 CO ENTRY DESCR:WISE      SEC:CCD    TRACE#:021000024771628 EED:250212   IND ID:TrnWise                      IND NAME:Waiz Media                                                                                                   67074465 TRN: 0434771628TC",-1000.00,MISC_DEBIT,3188.40,,
DEBIT,02/10/2025,"OPUS VIRTUAL OFFICES L 561-9886900 FL        02/08",-99.00,DEBIT_CARD,4188.40,,
DEBIT,02/10/2025,"WWW.MAKE.COM WWW.MAKE.COM NY                 02/08",-34.12,DEBIT_CARD,4287.40,,
DEBIT,02/10/2025,"HIGHLEVEL INC. GOHIGHLEVEL.C TX              02/08",-100.00,DEBIT_CARD,4321.52,,
DEBIT,02/07/2025,"SLACK T07E9KEFKEH SLACK.COM CA               02/07",-65.77,DEBIT_CARD,4421.52,,
DEBIT,02/07/2025,"M&M HELTON ENTERPRIS HOTPROSPECTOR NV        02/07",-497.00,DEBIT_CARD,4487.29,,
DEBIT,02/07/2025,"TWILIO INC TWILIO.COM CA                     02/07",-90.02,DEBIT_CARD,4984.29,,
DEBIT,02/06/2025,"WWW.MAKE.COM WWW.MAKE.COM NY                 02/06",-11.10,DEBIT_CARD,5074.31,,
DEBIT,02/04/2025,"WWW.MAKE.COM WWW.MAKE.COM NY                 02/03",-11.10,DEBIT_CARD,5085.41,,
CREDIT,02/04/2025,"ORIG CO NAME:STRIPE                 ORIG ID:1800948598 DESC DATE:       CO ENTRY DESCR:TRANSFER  SEC:CCD    TRACE#:091000017990725 EED:250204   IND ID:ST-U4E3Y6D0N8C4              IND NAME:GABRIEL GOERTZEN TRN: 0357990725TC",2815.30,ACH_CREDIT,5096.51,,
DEBIT,02/03/2025,"Online Realtime Transfer to Gabes Personal  6302 transaction#: 23604681158 reference#: 9604681158RX 02/03",-1000.00,ACCT_XFER,2281.21,,
DEBIT,02/03/2025,"HIGHLEVEL INC. GOHIGHLEVEL.C TX              02/01",-100.00,DEBIT_CARD,3281.21,,
DEBIT,01/31/2025,"MONTHLY SERVICE FEE",-15.00,FEE_TRANSACTION,3381.21,,
DEBIT,01/30/2025,"ORIG CO NAME:Wise Inc               ORIG ID:9453233521 DESC DATE:250130 CO ENTRY DESCR:WISE      SEC:CCD    TRACE#:021000020229324 EED:250130   IND ID:TrnWise                      IND NAME:Waiz Media                                                                                                   66373939 TRN: 0300229324TC",-2500.00,MISC_DEBIT,3396.21,,
DEBIT,01/30/2025,"WWW.MAKE.COM WWW.MAKE.COM NY                 01/30",-11.10,DEBIT_CARD,5896.21,,
CREDIT,01/29/2025,"ORIG CO NAME:STRIPE                 ORIG ID:1800948598 DESC DATE:       CO ENTRY DESCR:TRANSFER  SEC:CCD    TRACE#:091000012983337 EED:250129   IND ID:ST-G9K9V5R1S2S3              IND NAME:GABRIEL GOERTZEN TRN: 0292983337TC",1897.90,ACH_CREDIT,5907.31,,
DEBIT,01/28/2025,"WWW.MAKE.COM WWW.MAKE.COM NY                 01/27",-11.10,DEBIT_CARD,4009.41,,
DEBIT,01/28/2025,"HIGHLEVEL INC. HTTPSGOHIGHLE TX              01/27",-100.00,DEBIT_CARD,4020.51,,
CREDIT,01/28/2025,"ORIG CO NAME:STRIPE                 ORIG ID:1800948598 DESC DATE:       CO ENTRY DESCR:TRANSFER  SEC:CCD    TRACE#:091000018696785 EED:250128   IND ID:ST-U6G3J6F9S0I6              IND NAME:GABRIEL GOERTZEN TRN: 0288696785TC",2031.30,ACH_CREDIT,4120.51,,
DEBIT,01/27/2025,"ORIG CO NAME:Wise Inc               ORIG ID:9453233521 DESC DATE:250127 CO ENTRY DESCR:WISE      SEC:CCD    TRACE#:021000021588680 EED:250127   IND ID:TrnWise                      IND NAME:Waiz Media                                                                                                   66196341 TRN: 0271588680TC",-750.00,MISC_DEBIT,2089.21,,
DEBIT,01/27/2025,"Online Realtime Transfer to Gabes Personal  6302 transaction#: 23519740932 reference#: 9519740932RX 01/27",-6000.00,ACCT_XFER,2839.21,,
DEBIT,01/27/2025,"ORIG CO NAME:STRIPE                 ORIG ID:1800948598 DESC DATE:       CO ENTRY DESCR:TRANSFER  SEC:CCD    TRACE#:091000014427628 EED:250127   IND ID:ST-H4H9G1E8X8Q3              IND NAME:GABRIEL GOERTZEN TRN: 0274427628TC",-10.50,ACH_DEBIT,8839.21,,
DEBIT,01/27/2025,"TFU/CALLCENTERMASTERY HIGH WYCOMBE           01/25",-199.00,DEBIT_CARD,8849.71,,
DEBIT,01/27/2025,"TWILIO INC TWILIO.COM CA                     01/26",-90.01,DEBIT_CARD,9048.71,,
CREDIT,01/24/2025,"ORIG CO NAME:STRIPE                 ORIG ID:1800948598 DESC DATE:       CO ENTRY DESCR:TRANSFER  SEC:CCD    TRACE#:091000013722152 EED:250124   IND ID:ST-H5I8Q5N7R6Y5              IND NAME:GABRIEL GOERTZEN TRN: 0243722152TC",2473.20,ACH_CREDIT,9138.72,,
CREDIT,01/23/2025,"ORIG CO NAME:STRIPE                 ORIG ID:1800948598 DESC DATE:       CO ENTRY DESCR:TRANSFER  SEC:CCD    TRACE#:091000019783702 EED:250123   IND ID:ST-Q6D4F7X8W6A8              IND NAME:GABRIEL GOERTZEN TRN: 0239783702TC",5202.02,ACH_CREDIT,6665.52,,
DEBIT,01/22/2025,"ORIG CO NAME:STRIPE                 ORIG ID:1800948598 DESC DATE:       CO ENTRY DESCR:TRANSFER  SEC:CCD    TRACE#:091000017940485 EED:250122   IND ID:ST-X6W0T5I8S4O7              IND NAME:GABRIEL GOERTZEN TRN: 0227940485TC",-450.00,ACH_DEBIT,1463.50,,
DEBIT,01/22/2025,"HIGHLEVEL INC. GOHIGHLEVEL.C TX              01/21",-100.00,DEBIT_CARD,1913.50,,
DEBIT,01/21/2025,"FOREIGN EXCHANGE RATE ADJUSTMENT FEE         01/20EC",-1.09,FEE_TRANSACTION,2013.50,,
DEBIT,01/21/2025,"FOREIGN EXCHANGE RATE ADJUSTMENT FEE         01/20EC",-2.89,FEE_TRANSACTION,2014.59,,
DEBIT,01/21/2025,"ORIG CO NAME:Wise Inc               ORIG ID:9453233521 DESC DATE:250121 CO ENTRY DESCR:WISE      SEC:CCD    TRACE#:021000026441662 EED:250121   IND ID:TrnWise                      IND NAME:Waiz Media                                                                                                   65867796 TRN: 0216441662TC",-869.00,MISC_DEBIT,2017.48,,
DEBIT,01/21/2025,"EC          *3PRODUTOS HORTOLNDIA            01/20 BR Real    219.00 X 0.1659361 (EXCHG RTE)",-36.34,DEBIT_CARD,2886.48,,
DEBIT,01/21/2025,"EC          *3PRODUT BELO HORIZONT           01/20 BR Real    582.11 X 0.1659480 (EXCHG RTE)",-96.60,DEBIT_CARD,2922.82,,
DEBIT,01/21/2025,"NOTION LABS, INC. NOTION.SO CA               01/19",-46.00,DEBIT_CARD,3019.42,,
DEBIT,01/21/2025,"HIGHLEVEL AGENCY SUB GOHIGHLEVEL.C TX        01/18",-297.00,DEBIT_CARD,3065.42,,
DEBIT,01/17/2025,"WWW.APPOINTWISE.IO BILLINGSHURST             01/17",-297.00,DEBIT_CARD,3362.42,,
DEBIT,01/17/2025,"HIGHLEVEL INC. GOHIGHLEVEL.C TX              01/16",-100.00,DEBIT_CARD,3659.42,,
DEBIT,01/17/2025,"TWILIO INC TWILIO.COM CA                     01/17",-90.00,DEBIT_CARD,3759.42,,
CREDIT,01/16/2025,"ORIG CO NAME:STRIPE                 ORIG ID:1800948598 DESC DATE:       CO ENTRY DESCR:TRANSFER  SEC:CCD    TRACE#:091000019119457 EED:250116   IND ID:ST-M7P0Y0W6B1I7              IND NAME:GABRIEL GOERTZEN TRN: 0169119457TC",436.65,ACH_CREDIT,3849.42,,
DEBIT,01/15/2025,"ORIG CO NAME:Wise Inc               ORIG ID:9453233521 DESC DATE:250115 CO ENTRY DESCR:WISE      SEC:CCD    TRACE#:021000028886425 EED:250115   IND ID:TrnWise                      IND NAME:Waiz Media                                                                                                   65663129 TRN: 0158886425TC",-500.00,MISC_DEBIT,3412.77,,
DEBIT,01/13/2025,"ORIG CO NAME:Wise Inc               ORIG ID:9453233521 DESC DATE:250113 CO ENTRY DESCR:WISE      SEC:CCD    TRACE#:021000027904273 EED:250113   IND ID:TrnWise                      IND NAME:Waiz Media                                                                                                   65534626 TRN: 0137904273TC",-450.00,MISC_DEBIT,3912.77,,
DEBIT,01/13/2025,"HIGHLEVEL INC. GOHIGHLEVEL.C TX              01/11",-100.00,DEBIT_CARD,4362.77,,
CREDIT,01/13/2025,"ORIG CO NAME:STRIPE                 ORIG ID:1800948598 DESC DATE:       CO ENTRY DESCR:TRANSFER  SEC:CCD    TRACE#:091000019867085 EED:250113   IND ID:ST-H7B0D1L5R3L3              IND NAME:GABRIEL GOERTZEN TRN: 0139867085TC",2038.80,ACH_CREDIT,4462.77,,
DEBIT,01/09/2025,"Online Realtime Transfer to Gabes Personal  6302 transaction#: 23330325336 reference#: 9330325336RX 01/09",-8000.00,ACCT_XFER,2423.97,,
DEBIT,01/09/2025,"OPUS VIRTUAL OFFICES L 561-9886900 FL        01/08",-99.00,DEBIT_CARD,10423.97,,
CREDIT,01/09/2025,"ORIG CO NAME:STRIPE                 ORIG ID:1800948598 DESC DATE:       CO ENTRY DESCR:TRANSFER  SEC:CCD    TRACE#:091000016961792 EED:250109   IND ID:ST-X9P4M4R8R7D0              IND NAME:GABRIEL GOERTZEN TRN: 0096961792TC",6262.65,ACH_CREDIT,10522.97,,
DEBIT,01/08/2025,"ORIG CO NAME:Wise Inc               ORIG ID:9453233521 DESC DATE:250108 CO ENTRY DESCR:WISE      SEC:CCD    TRACE#:021000028801626 EED:250108   IND ID:TrnWise                      IND NAME:Waiz Media                                                                                                   65304347 TRN: 0088801626TC",-1000.00,MISC_DEBIT,4260.32,,
DEBIT,01/08/2025,"WWW.MAKE.COM WWW.MAKE.COM NY                 01/08",-34.12,DEBIT_CARD,5260.32,,
DEBIT,01/07/2025,"WWW.MAKE.COM WWW.MAKE.COM NY                 01/07",-11.10,DEBIT_CARD,5294.44,,
DEBIT,01/07/2025,"SLACK T07E9KEFKEH HTTPSSLACK.CO CA           01/07",-35.00,DEBIT_CARD,5305.54,,
DEBIT,01/07/2025,"M&M HELTON ENTERPRIS HOTPROSPECTOR NV        01/07",-497.00,DEBIT_CARD,5340.54,,
DEBIT,01/02/2025,"Online Realtime Transfer to Gabes Personal  6302 transaction#: 23253467586 reference#: 9253467586RX 01/02",-3000.00,ACCT_XFER,5837.54,,
DEBIT,01/02/2025,"HIGHLEVEL INC. HTTPSGOHIGHLE TX              01/01",-100.00,DEBIT_CARD,8837.54,,
DEBIT,12/31/2024,"MONTHLY SERVICE FEE",-15.00,FEE_TRANSACTION,8937.54,,
CREDIT,12/30/2024,"ORIG CO NAME:STRIPE                 ORIG ID:1800948598 DESC DATE:       CO ENTRY DESCR:TRANSFER  SEC:CCD    TRACE#:091000012898647 EED:241230   IND ID:ST-S0H3G3Z2M4F6              IND NAME:GABRIEL GOERTZEN TRN: 3652898647TC",1448.70,ACH_CREDIT,8952.54,,
DEBIT,12/26/2024,"Online Realtime Transfer to Gabes Personal  6302 transaction#: 23176591040 reference#: 9176591040RX 12/26",-6000.00,ACCT_XFER,7503.84,,
DEBIT,12/26/2024,"TFU/CALLCENTERMASTERY HIGH WYCOMBE           12/25",-497.00,DEBIT_CARD,13503.84,,
CREDIT,12/24/2024,"ORIG CO NAME:STRIPE                 ORIG ID:1800948598 DESC DATE:       CO ENTRY DESCR:TRANSFER  SEC:CCD    TRACE#:091000017665707 EED:241224   IND ID:ST-B1E2O8S6B3V1              IND NAME:GABRIEL GOERTZEN TRN: 3597665707TC",2038.80,ACH_CREDIT,14000.84,,
DEBIT,12/23/2024,"ORIG CO NAME:STRIPE                 ORIG ID:1800948598 DESC DATE:       CO ENTRY DESCR:TRANSFER  SEC:CCD    TRACE#:091000019275460 EED:241223   IND ID:ST-K1A3O6Z1P7T0              IND NAME:GABRIEL GOERTZEN TRN: 3589275460TC",-10.50,ACH_DEBIT,11962.04,,
DEBIT,12/23/2024,"HIGHLEVEL INC. GOHIGHLEVEL.C TX              12/20",-100.00,DEBIT_CARD,11972.54,,
DEBIT,12/20/2024,"NOTION LABS, INC. NOTION.SO CA               12/19",-46.00,DEBIT_CARD,12072.54,,
DEBIT,12/19/2024,"HIGHLEVEL AGENCY SUB GOHIGHLEVEL.C TX        12/18",-297.00,DEBIT_CARD,12118.54,,
CREDIT,12/18/2024,"ORIG CO NAME:STRIPE                 ORIG ID:1800948598 DESC DATE:       CO ENTRY DESCR:TRANSFER  SEC:CCD    TRACE#:091000014451326 EED:241218   IND ID:ST-J5N3R0K1V4K0              IND NAME:GABRIEL GOERTZEN TRN: 3534451326TC",2038.80,ACH_CREDIT,12415.54,,
DEBIT,12/17/2024,"WWW.APPOINTWISE.IO BILLINGSHURST             12/17",-297.00,DEBIT_CARD,10376.74,,
DEBIT,12/17/2024,"HIGHLEVEL INC. HTTPSGOHIGHLE TX              12/16",-100.00,DEBIT_CARD,10673.74,,
CREDIT,12/17/2024,"ORIG CO NAME:STRIPE                 ORIG ID:1800948598 DESC DATE:       CO ENTRY DESCR:TRANSFER  SEC:CCD    TRACE#:091000013040418 EED:241217   IND ID:ST-S1N8H0H5E1Z0              IND NAME:GABRIEL GOERTZEN TRN: 3523040418TC",1397.15,ACH_CREDIT,10773.74,,
DEBIT,12/16/2024,"OPUS VIRTUAL OFFICES L 561-9886900 FL        12/14",-199.00,DEBIT_CARD,9376.59,,
DEBIT,12/16/2024,"TWILIO INC TWILIO.COM CA                     12/13",-100.00,DEBIT_CARD,9575.59,,
DEBIT,12/16/2024,"TWILIO INC TWILIO.COM CA                     12/13",-100.00,DEBIT_CARD,9675.59,,
DEBIT,12/13/2024,"HUBSTAFF.COM HTTPSHUBSTAFF IN                12/13",-24.30,DEBIT_CARD,9775.59,,
DEBIT,12/13/2024,"TWILIO INC SAN FRANCISCO CA                  12/12",173.74,DEBIT_CARD,9799.89,,
DEBIT,12/12/2024,"ORIG CO NAME:Wise Inc               ORIG ID:9453233521 DESC DATE:241212 CO ENTRY DESCR:WISE      SEC:CCD    TRACE#:021000026376163 EED:241212   IND ID:TrnWise                      IND NAME:Waiz Media                                                                                                   63876741 TRN: 3476376163TC",-807.77,MISC_DEBIT,9626.15,,
DEBIT,12/12/2024,"Online Realtime Transfer to Gabes Personal  6302 transaction#: 23023234275 reference#: 9023234275RX 12/12",-5000.00,ACCT_XFER,10433.92,,
CREDIT,12/12/2024,"ORIG CO NAME:STRIPE                 ORIG ID:1800948598 DESC DATE:       CO ENTRY DESCR:TRANSFER  SEC:CCD    TRACE#:091000014415285 EED:241212   IND ID:ST-S3S9C2Z6X3K5              IND NAME:GABRIEL GOERTZEN TRN: 3474415285TC",1400.40,ACH_CREDIT,15433.92,,
DEBIT,12/11/2024,"HIGHLEVEL INC. HTTPSGOHIGHLE TX              12/11",-100.00,DEBIT_CARD,14033.52,,
CREDIT,12/11/2024,"ORIG CO NAME:STRIPE                 ORIG ID:1800948598 DESC DATE:       CO ENTRY DESCR:TRANSFER  SEC:CCD    TRACE#:091000016095201 EED:241211   IND ID:ST-H2F7D4J2M2Y1              IND NAME:GABRIEL GOERTZEN TRN: 3466095201TC",9514.90,ACH_CREDIT,14133.52,,
DEBIT,12/10/2024,"ORIG CO NAME:STRIPE                 ORIG ID:1800948598 DESC DATE:       CO ENTRY DESCR:TRANSFER  SEC:CCD    TRACE#:091000010682929 EED:241210   IND ID:ST-L4T2S8U3Z3V4              IND NAME:GABRIEL GOERTZEN TRN: 3450682929TC",-10.00,ACH_DEBIT,4618.62,,
DEBIT,12/10/2024,"TWILIO INC TWILIO.COM CA                     12/09",-200.00,DEBIT_CARD,4628.62,,
DEBIT,12/09/2024,"WWW.MAKE.COM WWW.MAKE.COM NY                 12/08",-34.12,DEBIT_CARD,4828.62,,
DEBIT,12/09/2024,"SLACK T07E9KEFKEH HTTPSSLACK.CO CA           12/07",-35.00,DEBIT_CARD,4862.74,,
DEBIT,12/09/2024,"M&M HELTON ENTERPRIS HTTPSHOTPROSP NV        12/07",-497.00,DEBIT_CARD,4897.74,,
CREDIT,12/09/2024,"ORIG CO NAME:STRIPE                 ORIG ID:1800948598 DESC DATE:       CO ENTRY DESCR:TRANSFER  SEC:CCD    TRACE#:091000014725867 EED:241209   IND ID:ST-R9Z4H1W3N4X5              IND NAME:GABRIEL GOERTZEN TRN: 3444725867TC",2912.40,ACH_CREDIT,5394.74,,
DEBIT,12/06/2024,"HIGHLEVEL INC. GOHIGHLEVEL.C TX              12/06",-100.00,DEBIT_CARD,2482.34,,
DEBIT,12/05/2024,"WWW.MAKE.COM WWW.MAKE.COM NY                 12/05",-11.10,DEBIT_CARD,2582.34,,
CREDIT,12/05/2024,"ORIG CO NAME:STRIPE                 ORIG ID:1800948598 DESC DATE:       CO ENTRY DESCR:TRANSFER  SEC:CCD    TRACE#:091000019627048 EED:241205   IND ID:ST-V9Y8Z7Q6K5S9              IND NAME:GABRIEL GOERTZEN TRN: 3409627048TC",866.80,ACH_CREDIT,2593.44,,
DEBIT,12/04/2024,"HIGHLEVEL INC. GOHIGHLEVEL.C TX              12/03",-100.00,DEBIT_CARD,1726.64,,
CREDIT,12/04/2024,"ORIG CO NAME:Upwork Escrow In       ORIG ID:4371551996 DESC DATE:       CO ENTRY DESCR:EDI PYMNTSSEC:CCD    TRACE#:091000016566979 EED:241204   IND ID:RF758526043                  IND NAME:Gabriel Goertzen                                                                                             EDI TRN: 3396566979TC",107.99,MISC_CREDIT,1826.64,,
DEBIT,12/03/2024,"WWW.MAKE.COM WWW.MAKE.COM NY                 12/03",-11.10,DEBIT_CARD,1718.65,,
DEBIT,12/03/2024,"ORIG CO NAME:Upwork Escrow In       ORIG ID:6371551996 DESC DATE:       CO ENTRY DESCR:EDI PYMNTSSEC:CCD    TRACE#:091000015403602 EED:241203   IND ID:ACD758526992                 IND NAME:Gabriel Goertzen                                                                                             EDI TRN: 3385403602TC",-103.00,MISC_DEBIT,1729.75,,
DEBIT,12/02/2024,"Online Realtime Transfer to Gabes Personal  6302 transaction#: 22902544102 reference#: 9902544102RX 12/02",-2000.00,ACCT_XFER,1832.75,,
DEBIT,11/29/2024,"MONTHLY SERVICE FEE",-15.00,FEE_TRANSACTION,3832.75,,
DEBIT,11/29/2024,"Online Realtime Transfer to Gabes Personal  6302 transaction#: 22875318257 reference#: 9875318257RX 11/29",-5000.00,ACCT_XFER,3847.75,,
DEBIT,11/29/2024,"HIGHLEVEL INC. HTTPSGOHIGHLE TX              11/28",-100.00,DEBIT_CARD,8847.75,,
DEBIT,11/29/2024,"ORIG CO NAME:Upwork Escrow In       ORIG ID:6371551996 DESC DATE:       CO ENTRY DESCR:EDI PYMNTSSEC:CCD    TRACE#:091000010462277 EED:241129   IND ID:ACD756707038                 IND NAME:Gabriel Goertzen                                                                                             EDI TRN: 3340462277TC",-107.99,MISC_DEBIT,8947.75,,
DEBIT,11/29/2024,"WWW.MAKE.COM WWW.MAKE.COM NY                 11/28",-11.10,DEBIT_CARD,9055.74,,
CREDIT,11/27/2024,"ORIG CO NAME:STRIPE                 ORIG ID:1800948598 DESC DATE:       CO ENTRY DESCR:TRANSFER  SEC:CCD    TRACE#:091000013396149 EED:241127   IND ID:ST-O6J3F2S7R1J7              IND NAME:GABRIEL GOERTZEN TRN: 3323396149TC",1456.20,ACH_CREDIT,9066.84,,
DEBIT,11/26/2024,"ORIG CO NAME:Wise Inc               ORIG ID:9453233521 DESC DATE:241126 CO ENTRY DESCR:WISE      SEC:CCD    TRACE#:021000029088808 EED:241126   IND ID:TrnWise                      IND NAME:Waiz Media                                                                                                   62969661 TRN: 3319088808TC",-422.00,MISC_DEBIT,7610.64,,
DEBIT,11/26/2024,"ORIG CO NAME:Wise Inc               ORIG ID:9453233521 DESC DATE:241126 CO ENTRY DESCR:WISE      SEC:CCD    TRACE#:021000029088798 EED:241126   IND ID:TrnWise                      IND NAME:Waiz Media                                                                                                   62969515 TRN: 3319088798TC",-472.00,MISC_DEBIT,8032.64,,
DEBIT,11/25/2024,"TFU/CALLCENTERMASTERY HIGH WYCOMBE           11/25",-497.00,DEBIT_CARD,8504.64,,
DEBIT,11/25/2024,"HIGHLEVEL INC. GOHIGHLEVEL.C TX              11/24",-100.00,DEBIT_CARD,9001.64,,
CREDIT,11/22/2024,"ORIG CO NAME:STRIPE                 ORIG ID:1800948598 DESC DATE:       CO ENTRY DESCR:TRANSFER  SEC:CCD    TRACE#:091000010064409 EED:241122   IND ID:ST-S3Z6W0S0N2T6              IND NAME:GABRIEL GOERTZEN TRN: 3270064409TC",2912.70,ACH_CREDIT,9101.64,,
DEBIT,11/20/2024,"Online Realtime Transfer to Gabes Personal  6302 transaction#: 22777452244 reference#: 9777452244RX 11/20",-2000.00,ACCT_XFER,6188.94,,
DEBIT,11/20/2024,"NOTION LABS, INC. NOTION.SO CA               11/19",-46.00,DEBIT_CARD,8188.94,,
CREDIT,11/20/2024,"ORIG CO NAME:STRIPE                 ORIG ID:1800948598 DESC DATE:       CO ENTRY DESCR:TRANSFER  SEC:CCD    TRACE#:091000019331847 EED:241120   IND ID:ST-J1R2U6D7Q3Y5              IND NAME:GABRIEL GOERTZEN TRN: 3259331847TC",1593.60,ACH_CREDIT,8234.94,,
DEBIT,11/19/2024,"ORIG CO NAME:Wise Inc               ORIG ID:9453233521 DESC DATE:241119 CO ENTRY DESCR:WISE      SEC:CCD    TRACE#:021000023136710 EED:241119   IND ID:TrnWise                      IND NAME:Waiz Media                                                                                                   62621358 TRN: 3243136710TC",-300.00,MISC_DEBIT,6641.34,,
DEBIT,11/19/2024,"Online Realtime Transfer to Gabes Personal  6302 transaction#: 22767726848 reference#: 9767726848RX 11/19",-2000.00,ACCT_XFER,6941.34,,
DEBIT,11/19/2024,"Online Realtime Transfer to Gabes Personal  6302 transaction#: 22767664774 reference#: 9767664774RX 11/19",-1000.00,ACCT_XFER,8941.34,,
DEBIT,11/19/2024,"HIGHLEVEL AGENCY SUB GOHIGHLEVEL.C TX        11/18",-297.00,DEBIT_CARD,9941.34,,
DEBIT,11/18/2024,"HIGHLEVEL INC. GOHIGHLEVEL.C TX              11/18",-100.00,DEBIT_CARD,10238.34,,
CREDIT,11/18/2024,"ORIG CO NAME:STRIPE                 ORIG ID:1800948598 DESC DATE:       CO ENTRY DESCR:TRANSFER  SEC:CCD    TRACE#:091000016210390 EED:241118   IND ID:ST-A8G4W1Y4R1V3              IND NAME:GABRIEL GOERTZEN TRN: 3236210390TC",5436.70,ACH_CREDIT,10338.34,,
DEBIT,11/14/2024,"SQSP* INV157545761 HTTPSSQUARESP NY          11/14",-11.75,DEBIT_CARD,4901.64,,
DEBIT,11/14/2024,"NOTION LABS, INC. NOTION.SO CA               11/13",-1.99,DEBIT_CARD,4913.39,,
DEBIT,11/13/2024,"HUBSTAFF.COM HTTPSHUBSTAFF IN                11/13",-24.30,DEBIT_CARD,4915.38,,
DEBIT,11/13/2024,"HIGHLEVEL INC. GOHIGHLEVEL.C TX              11/13",-100.00,DEBIT_CARD,4939.68,,
DEBIT,11/13/2024,"ADSPY LONDON                                 11/12",-149.00,DEBIT_CARD,5039.68,,
DEBIT,11/13/2024,"GUMROAD.CO* SOLT WAGNE GUMROAD.COM CA        11/12",-29.00,DEBIT_CARD,5188.68,,
CREDIT,11/13/2024,"ORIG CO NAME:STRIPE                 ORIG ID:1800948598 DESC DATE:       CO ENTRY DESCR:TRANSFER  SEC:CCD    TRACE#:091000016923101 EED:241113   IND ID:ST-D0C5K9H6D6B8              IND NAME:GABRIEL GOERTZEN TRN: 3186923101TC",3009.50,ACH_CREDIT,5217.68,,
DEBIT,11/12/2024,"ORIG CO NAME:Wise Inc               ORIG ID:9453233521 DESC DATE:241112 CO ENTRY DESCR:WISE      SEC:CCD    TRACE#:021000022150882 EED:241112   IND ID:TrnWise                      IND NAME:Waiz Media                                                                                                   62254681 TRN: 3172150882TC",-355.09,MISC_DEBIT,2208.18,,
DEBIT,11/12/2024,"ORIG CO NAME:Wise Inc               ORIG ID:9453233521 DESC DATE:241112 CO ENTRY DESCR:WISE      SEC:CCD    TRACE#:021000022150862 EED:241112   IND ID:TrnWise                      IND NAME:Waiz Media                                                                                                   62254241 TRN: 3172150862TC",-356.17,MISC_DEBIT,2563.27,,
CREDIT,11/12/2024,"ORIG CO NAME:STRIPE                 ORIG ID:1800948598 DESC DATE:       CO ENTRY DESCR:TRANSFER  SEC:CCD    TRACE#:091000011637727 EED:241112   IND ID:ST-J2T7M5N3T5S1              IND NAME:GABRIEL GOERTZEN TRN: 3171637727TC",1931.70,ACH_CREDIT,2919.44,,
DEBIT,11/08/2024,"WWW.MAKE.COM WWW.MAKE.COM NY                 11/08",-34.12,DEBIT_CARD,987.74,,
DEBIT,11/08/2024,"HIGHLEVEL INC. GOHIGHLEVEL.C TX              11/07",-100.00,DEBIT_CARD,1021.86,,
DEBIT,11/07/2024,"SLACK T07E9KEFKEH HTTPSSLACK.CO CA           11/07",-35.28,DEBIT_CARD,1121.86,,
DEBIT,11/07/2024,"WWW.MAKE.COM WWW.MAKE.COM NY                 11/06",-11.10,DEBIT_CARD,1157.14,,
DEBIT,11/06/2024,"CHRIS NOTION CONSUL... ABU DHABI             11/05",-75.00,DEBIT_CARD,1168.24,,
DEBIT,11/04/2024,"ORIG CO NAME:Wise Inc               ORIG ID:9453233521 DESC DATE:241104 CO ENTRY DESCR:WISE      SEC:CCD    TRACE#:021000025168377 EED:241104   IND ID:TrnWise                      IND NAME:Waiz Media                                                                                                   61693080 TRN: 3095168377TC",-450.00,MISC_DEBIT,1243.24,,
DEBIT,11/04/2024,"Online Realtime Transfer to Gabes Personal  6302 transaction#: 22604840177 reference#: 9604840177RX 11/04",-2500.00,ACCT_XFER,1693.24,,
DEBIT,11/04/2024,"Online Realtime Transfer to Gabes Personal  6302 transaction#: 22604810455 reference#: 9604810455RX 11/04",-10000.00,ACCT_XFER,4193.24,,
DEBIT,11/04/2024,"Online Realtime Transfer to Gabes Personal  6302 transaction#: 22593630710 reference#: 9593630710RX 11/04",-500.00,ACCT_XFER,14193.24,,
DEBIT,11/04/2024,"HIGHLEVEL INC. HTTPSGOHIGHLE TX              11/02",-100.00,DEBIT_CARD,14693.24,,
CREDIT,11/04/2024,"ORIG CO NAME:STRIPE                 ORIG ID:1800948598 DESC DATE:       CO ENTRY DESCR:TRANSFER  SEC:CCD    TRACE#:091000019670584 EED:241104   IND ID:ST-K2T3A5T8E8U5              IND NAME:GABRIEL GOERTZEN TRN: 3099670584TC",13165.40,ACH_CREDIT,14793.24,,
CREDIT,11/04/2024,"REAL TIME PAYMENT CREDIT RECD FROM ABA/CONTR BNK-121000248  FROM: BNF-STRIPE REF: ST-FSGNB4XWPYU4K INFO: TEXT-RmtInf-OBI*ST-FSGNB4XWPYU4KKCBCFTB WAIZMEDIA IID: 20241102121000248P1BZWFA60441016815 RECD: 08:48:22 TRN: 0309410307GA",900.00,MISC_CREDIT,1627.84,,
DEBIT,11/01/2024,"WWW.MAKE.COM WWW.MAKE.COM NY                 10/31",-11.10,DEBIT_CARD,727.84,,
DEBIT,10/31/2024,"ORIG CO NAME:Wise Inc               ORIG ID:9453233521 DESC DATE:241031 CO ENTRY DESCR:WISE      SEC:CCD    TRACE#:021000023553039 EED:241031   IND ID:TrnWise                      IND NAME:Waiz Media                                                                                                   61595714 TRN: 3053553039TC",-1749.31,MISC_DEBIT,738.94,,
DEBIT,10/29/2024,"Online Realtime Transfer to Gabes Personal  6302 transaction#: 22532833900 reference#: 9532833900RX 10/29",-4000.00,ACCT_XFER,2488.25,,
DEBIT,10/29/2024,"ORIG CO NAME:Wise Inc               ORIG ID:9453233521 DESC DATE:241029 CO ENTRY DESCR:WISE      SEC:CCD    TRACE#:021000029218968 EED:241029   IND ID:TrnWise                      IND NAME:Waiz Media                                                                                                   61424141 TRN: 3039218968TC",-55.87,MISC_DEBIT,6488.25,,
DEBIT,10/29/2024,"HIGHLEVEL INC. HTTPSGOHIGHLE TX              10/28",-100.00,DEBIT_CARD,6544.12,,
CREDIT,10/29/2024,"ORIG CO NAME:STRIPE                 ORIG ID:1800948598 DESC DATE:       CO ENTRY DESCR:TRANSFER  SEC:CCD    TRACE#:091000016124480 EED:241029   IND ID:ST-R4Y9J4Y4V8X9              IND NAME:GABRIEL GOERTZEN TRN: 3036124480TC",1456.20,ACH_CREDIT,6644.12,,
DEBIT,10/28/2024,"ORIG CO NAME:Wise Inc               ORIG ID:9453233521 DESC DATE:241028 CO ENTRY DESCR:WISE      SEC:CCD    TRACE#:021000020814670 EED:241028   IND ID:TrnWise                      IND NAME:Waiz Media                                                                                                   61333440 TRN: 3020814670TC",-45.17,MISC_DEBIT,5187.92,,
DEBIT,10/28/2024,"ORIG CO NAME:Wise Inc               ORIG ID:9453233521 DESC DATE:241028 CO ENTRY DESCR:WISE      SEC:CCD    TRACE#:021000020811860 EED:241028   IND ID:TrnWise                      IND NAME:Waiz Media                                                                                                   61390232 TRN: 3020811860TC",-400.00,MISC_DEBIT,5233.09,,
DEBIT,10/28/2024,"ORIG CO NAME:Wise Inc               ORIG ID:9453233521 DESC DATE:241028 CO ENTRY DESCR:WISE      SEC:CCD    TRACE#:021000020811856 EED:241028   IND ID:TrnWise                      IND NAME:Waiz Media                                                                                                   61390191 TRN: 3020811856TC",-400.00,MISC_DEBIT,5633.09,,
CREDIT,10/28/2024,"REAL TIME PAYMENT CREDIT RECD FROM ABA/CONTR BNK-121000248  FROM: BNF-STRIPE REF: ST-ASHBRF911F5NI INFO: TEXT-RmtInf-ST-ASHBRF911F5NIIJ3IFEB WAIZMEDIA IID: 20241028121000248P1BZWFC59229606415 RECD: 18:53:35 TRN: 0748160302GC",4757.00,MISC_CREDIT,6033.09,,
DEBIT,10/25/2024,"TFU/CALLCENTERMASTERY HIGH WYCOMBE           10/25",-497.00,DEBIT_CARD,1276.09,,
DEBIT,10/24/2024,"ORIG CO NAME:Wise Inc               ORIG ID:9453233521 DESC DATE:241024 CO ENTRY DESCR:WISE      SEC:CCD    TRACE#:021000025582627 EED:241024   IND ID:TrnWise                      IND NAME:Waiz Media                                                                                                   61225226 TRN: 2985582627TC",-200.00,MISC_DEBIT,1773.09,,
DEBIT,10/24/2024,"ORIG CO NAME:Wise Inc               ORIG ID:9453233521 DESC DATE:241024 CO ENTRY DESCR:WISE      SEC:CCD    TRACE#:021000029138645 EED:241024   IND ID:TrnWise                      IND NAME:Waiz Media                                                                                                   61201005 TRN: 2989138645TC",-171.00,MISC_DEBIT,1973.09,,
DEBIT,10/23/2024,"Online Realtime Transfer to Gabes Personal  6302 transaction#: 22473550674 reference#: 9473550674RX 10/23",-2000.00,ACCT_XFER,2144.09,,
DEBIT,10/23/2024,"HIGHLEVEL INC. HTTPSGOHIGHLE TX              10/23",-100.00,DEBIT_CARD,4144.09,,
CREDIT,10/23/2024,"ORIG CO NAME:STRIPE                 ORIG ID:1800948598 DESC DATE:       CO ENTRY DESCR:TRANSFER  SEC:CCD    TRACE#:091000017908881 EED:241023   IND ID:ST-G9M8I6X2P0H4              IND NAME:GABRIEL GOERTZEN TRN: 2977908881TC",727.95,ACH_CREDIT,4244.09,,
DEBIT,10/22/2024,"ORIG CO NAME:Upwork Escrow In       ORIG ID:6371551996 DESC DATE:       CO ENTRY DESCR:EDI PYMNTSSEC:CCD    TRACE#:091000013667657 EED:241022   IND ID:ACD744412759                 IND NAME:Gabriel Goertzen                                                                                             EDI TRN: 2963667657TC",-144.20,MISC_DEBIT,3516.14,,
DEBIT,10/21/2024,"NOTION LABS, INC. HTTPSWWW.NOTI CA           10/19",-36.00,DEBIT_CARD,3660.34,,
DEBIT,10/21/2024,"HIGHLEVEL AGENCY SUB HTTPSGOHIGHLE TX        10/18",-297.00,DEBIT_CARD,3696.34,,
DEBIT,10/17/2024,"ORIG CO NAME:Wise Inc               ORIG ID:9453233521 DESC DATE:241017 CO ENTRY DESCR:WISE      SEC:CCD    TRACE#:021000020442268 EED:241017   IND ID:TrnWise                      IND NAME:Waiz Media                                                                                                   60865087 TRN: 2910442268TC",-76.66,MISC_DEBIT,3993.34,,
DEBIT,10/17/2024,"HIGHLEVEL INC. HTTPSGOHIGHLE TX              10/16",-100.00,DEBIT_CARD,4070.00,,
CREDIT,10/17/2024,"ORIG CO NAME:STRIPE                 ORIG ID:1800948598 DESC DATE:       CO ENTRY DESCR:TRANSFER  SEC:CCD    TRACE#:091000019497922 EED:241017   IND ID:ST-C2J5I5R3D6O1              IND NAME:GABRIEL GOERTZEN TRN: 2919497922TC",727.95,ACH_CREDIT,4170.00,,
DEBIT,10/15/2024,"HUBSTAFF.COM HTTPSHUBSTAFF IN                10/13",-24.30,DEBIT_CARD,3442.05,,
CREDIT,10/15/2024,"ORIG CO NAME:STRIPE                 ORIG ID:1800948598 DESC DATE:       CO ENTRY DESCR:TRANSFER  SEC:CCD    TRACE#:091000018381765 EED:241015   IND ID:ST-D9J7U4G5G8U0              IND NAME:GABRIEL GOERTZEN TRN: 2898381765TC",727.95,ACH_CREDIT,3466.35,,
CREDIT,10/11/2024,"ORIG CO NAME:STRIPE                 ORIG ID:1800948598 DESC DATE:       CO ENTRY DESCR:TRANSFER  SEC:CCD    TRACE#:091000012026958 EED:241011   IND ID:ST-O5T5P9W9A6I7              IND NAME:GABRIEL GOERTZEN TRN: 2852026958TC",727.95,ACH_CREDIT,2738.40,,
CREDIT,10/09/2024,"ORIG CO NAME:STRIPE                 ORIG ID:1800948598 DESC DATE:       CO ENTRY DESCR:TRANSFER  SEC:CCD    TRACE#:091000010039514 EED:241009   IND ID:ST-Q9N9Z6Z8S3J4              IND NAME:GABRIEL GOERTZEN TRN: 2830039514TC",873.60,ACH_CREDIT,2010.45,,
DEBIT,10/08/2024,"SLACK T07E9KEFKEH HTTPSSLACK.CO CA           10/07",-26.25,DEBIT_CARD,1136.85,,
DEBIT,10/07/2024,"ORIG CO NAME:Wise Inc               ORIG ID:9453233521 DESC DATE:241007 CO ENTRY DESCR:WISE      SEC:CCD    TRACE#:021000028302068 EED:241007   IND ID:TrnWise                      IND NAME:Waiz Media                                                                                                   60338869 TRN: 2818302068TC",-500.00,MISC_DEBIT,1163.10,,
CREDIT,10/07/2024,"ORIG CO NAME:STRIPE                 ORIG ID:1800948598 DESC DATE:       CO ENTRY DESCR:TRANSFER  SEC:CCD    TRACE#:091000010665681 EED:241007   IND ID:ST-T6Z4F9U8J5H7              IND NAME:GABRIEL GOERTZEN TRN: 2810665681TC",873.60,ACH_CREDIT,1663.10,,
DEBIT,10/04/2024,"ORIG CO NAME:Wise Inc               ORIG ID:9453233521 DESC DATE:241004 CO ENTRY DESCR:WISE      SEC:CCD    TRACE#:021000020821446 EED:241004   IND ID:TrnWise                      IND NAME:Waiz Media                                                                                                   60243435 TRN: 2780821446TC",-80.50,MISC_DEBIT,789.50,,
DEBIT,10/04/2024,"ORIG CO NAME:Wise Inc               ORIG ID:9453233521 DESC DATE:241004 CO ENTRY DESCR:WISE      SEC:CCD    TRACE#:021000020821520 EED:241004   IND ID:TrnWise                      IND NAME:Waiz Media                                                                                                   60244173 TRN: 2780821520TC",-130.00,MISC_DEBIT,870.00,,
CREDIT,09/20/2024,"Online Transfer 22110428978 from Gabes Personal #####6302 transaction #: 22110428978 09/20",1000.00,ACCT_XFER,1000.00,,
